2504 4170
338 291 405 340 arn.
422 290 443 339 1.
477 289 634 348 cruxirir,
647 289 744 338 xxxi.
780 289 810 352 §5
823 288 911 352 81-87.
1111 290 1152 357 57

94 446 144 517 ris,
168 446 212 504 sic
235 445 315 503 idem
337 445 367 502 in
390 445 474 502 Italia
495 444 653 512 Volcanus,
676 442 755 501 idem
781 443 811 500 in
838 443 990 518 Hispania.
1034 444 1151 503 Deinde

95 544 253 601 nominum
266 561 327 600 non
341 560 463 616 magnus
477 558 615 598 numerus
630 558 667 597 ne
682 540 711 597 in
726 540 883 614 pontificiis
899 541 1019 615 quidem
1037 544 1150 614 nostris,

96 639 223 697 deorum
238 649 336 696 autem
350 637 574 696 innumerabilis.
617 640 664 695 An
677 637 739 709 sine
754 637 922 695 nominibus
939 640 1026 696 sunt?
1068 639 1151 697 Istud

95 735 220 811 quidem
242 736 283 793 ita
303 735 385 793 vobis
408 733 506 792 dicere
528 751 649 792 necesse
672 743 734 806 est;
756 734 829 810 quid
850 736 929 793 enim
950 735 1061 805 attinet,
1083 755 1151 792 cum

61 852 74 891 s
95 852 156 890 una
174 833 264 890 facies
285 833 330 903 sit,
345 832 427 907 plura
447 849 510 890 esse
531 831 672 890 nomina?
713 832 812 905 Quam
832 831 942 890 bellum
963 843 1033 903 erat,
1048 832 1149 903 Vellei,

95 929 232 987 confiteri
256 929 353 1004 potius
374 929 496 998 nescire,
518 927 599 1002 quod
623 929 760 1000 nescires,
782 947 872 1004 quam
897 929 951 987 ista
970 923 1150 987 effutientem

96 1044 237 1084 nauseare
252 1037 339 1101 atque
354 1025 450 1100 ipsum
466 1025 520 1082 sibi
535 1024 708 1100 displicere!
750 1028 797 1083 An
810 1035 842 1084 tu
856 1027 914 1083 mei
929 1026 1052 1084 similem
1066 1037 1150 1101 putas

95 1141 161 1182 esse
183 1132 233 1180 aut
254 1122 296 1181 tui
310 1121 421 1180 deum?
462 1121 596 1181 Profecto
619 1140 679 1179 non
701 1134 797 1197 putas.
839 1123 919 1197 Quid
941 1124 1033 1198 ergo?
1059 1124 1150 1181 solem

96 1220 195 1279 dicam
223 1229 274 1278 aut
301 1219 400 1276 lunam
427 1229 477 1277 aut
504 1219 619 1277 caelum
639 1217 750 1278 deum?
791 1222 870 1295 Ergo
898 1220 987 1278 etiam
1011 1221 1152 1280 beatum?

57 1339 84 1366 ιο
98 1309 213 1390 Quibus
228 1317 372 1373 fruentem
387 1315 604 1390 voluptatibus?
635 1317 673 1373 Et
687 1317 870 1391 sapientem?
902 1316 961 1391 Qui
975 1327 1073 1392 potest
1087 1336 1150 1375 esse

96 1414 128 1471 in
142 1414 204 1471 eius
220 1412 303 1471 modi
317 1423 421 1471 trunco
435 1413 597 1487 sapientia?
634 1415 720 1471 Haec
731 1424 826 1472 vestra
839 1424 914 1471 sunt.
953 1414 982 1472 Si
996 1415 1081 1489 igitur
1094 1433 1150 1472 nec
1163 1431 1189 1471 ar

97 1510 228 1568 humano
242 1512 318 1582 veru,
334 1509 415 1585 quod
430 1509 528 1580 docui,
543 1528 599 1568 nec
613 1511 662 1568 tali
676 1510 783 1586 aliquo,
799 1510 881 1585 quod
903 1511 955 1569 tibi
978 1511 1018 1568 ita
1033 1530 1151 1586 persua·

97 1627 163 1667 sum
178 1617 232 1679 est,
242 1606 315 1682 quid
329 1607 444 1666 dubitas
458 1625 564 1682 negare
579 1606 652 1665 deos
667 1609 753 1666 esse?
787 1608 857 1666 Non
871 1608 972 1668 audes.
1001 1610 1152 1684 Sapienter

98 1704 130 1762 id
144 1704 275 1780 quidem,
291 1705 345 1762 etsi
366 1704 424 1763 hoc
448 1705 515 1762 loco
537 1722 598 1762 non
613 1704 756 1779 populum
771 1706 884 1776 metuis,
900 1704 953 1763 sed
974 1707 1054 1780 ipsos
1068 1706 1150 1765 deos.

59 1827 84 1864 ιε
99 1801 178 1860 Novi
193 1819 250 1877 ego
266 1802 428 1875 Epicureos
442 1802 541 1859 omnia
555 1801 646 1876 sigilla
660 1813 849 1874 venerantes;
871 1821 1050 1877 quamquam
1063 1804 1151 1862 video

96 1917 160 1956 non
183 1899 268 1956 nullis
292 1897 385 1956 videri
409 1899 580 1973 Epicurum,
601 1916 639 1956 ne
664 1899 694 1956 in
716 1899 908 1958 offensionem
930 1900 1152 1959 Atheniensium

98 1996 229 2067 caderet,
253 1995 349 2054 verbis
373 1995 522 2070 reliquisse
547 1994 629 2066 deos,
651 2014 681 2054 re
703 1996 859 2054 sustulisse.
902 1998 1006 2071 Itaque
1038 1998 1068 2055 in
1099 1999 1152 2056 illis

98 2093 215 2152 selectis
230 2093 292 2151 eius
305 2092 500 2167 brevibusque
514 2093 674 2164 sententiis,
690 2111 762 2168 quas
776 2095 928 2168 appellatis
949 2093 1042 2168 κυρίας
1063 2093 1152 2162 δόξας,

99 2191 184 2261 baec,
199 2199 232 2247 ut
246 2190 359 2264 opinor,
374 2191 468 2265 prima
486 2190 631 2248 sententia
651 2200 713 2248 est:
736 2191 861 2265 ‘Quod
882 2191 1027 2248 beatum
1049 2203 1083 2249 et
1104 2193 1153 2249 in·

59 2286 256 2345 mmortale
291 2297 361 2360 est,
393 2286 430 2345 id
460 2304 527 2345 nec
558 2287 670 2345 habet
700 2306 769 2345 nec
799 2288 949 2347 exhibet
983 2289 1153 2363 cuiquam

99 2403 143 2443 ne
150 2385 310 2460 gotium)
354 2386 390 2443 In
404 2385 461 2442 hac
474 2386 515 2442 ita
529 2384 662 2458 exposita
675 2386 819 2442 sententia
832 2395 898 2442 sunt
913 2387 962 2459 qui
980 2386 1197 2456 existimentur

100 2481 184 2558 quod
205 2482 251 2539 ille
272 2482 386 2540 inscitia
406 2482 492 2557 plane
514 2480 655 2555 loquendi
675 2482 793 2550 fecerat,
815 2481 917 2538 secisse
939 2484 1074 2541 consulto
1085 2505 1092 2554 3
1115 2484 1153 2541 de

100 2580 222 2639 homine
250 2579 369 2638 minime
397 2580 477 2637 vafro
505 2579 580 2637 male
609 2579 782 2636 existimant.
835 2579 964 2637 Dubium
993 2590 1036 2637 est
1065 2582 1152 2650 enim,
1167 2597 1192 2636 ss

100 2688 198 2736 utrum
222 2676 302 2734 dicat
323 2676 432 2752 aliquid
455 2679 574 2735 beatum
597 2695 660 2733 esse
680 2686 709 2732 et
730 2675 881 2733 inmortale
903 2694 949 2746 an,
972 2677 995 2734 si
1017 2677 1088 2751 quid
1109 2680 1153 2736 sit.

60 2799 87 2838 2⁵
101 2776 173 2834 Non
188 2773 423 2832 animadvertunt
437 2775 484 2832 hic
499 2792 567 2831 eum
585 2774 721 2848 ambigue
742 2773 874 2830 locutum
894 2791 967 2844 esse,
983 2773 1036 2832 sed
1058 2775 1154 2832 multis

100 2873 164 2932 aliis
179 2873 251 2932 locis
266 2883 295 2931 et
309 2873 389 2931 illurn
404 2884 433 2931 et
448 2872 652 2932 Metrodomm
669 2882 728 2929 tam
748 2880 846 2945 aperte
868 2888 956 2945 quam
978 2872 1065 2945 paulo
1087 2882 1153 2929 ante

100 2980 140 3029 te.
184 2970 237 3029 Ille
254 2989 323 3028 vero
345 2970 418 3028 deos
439 2989 502 3029 esse
524 2981 614 3046 putat,
630 2988 686 3027 nec
708 2986 887 3043 quemquam
907 2967 976 3039 vidi,
991 2969 1042 3043 qui
1063 2971 1154 3042 magis

100 3086 147 3138 ea,
161 3085 239 3143 quae
261 3067 392 3126 timenda
412 3087 477 3126 esse
498 3079 626 3144 negaret,
645 3069 769 3138 timeret,
784 3075 910 3123 mortem
931 3063 1000 3123 dico
1021 3075 1051 3122 et
1072 3066 1154 3123 deos.

101 3165 219 3238 Quibus
246 3163 411 3223 mediocres
436 3165 569 3224 homines
593 3184 654 3224 non
679 3168 719 3224 ita
742 3164 827 3223 valde
853 3172 1014 3234 moventur,
1040 3161 1084 3220 his
1108 3163 1154 3219 ille

61 3262 210 3322 acclamat
227 3260 359 3319 omniurn
381 3263 544 3320 mortalium
566 3273 680 3320 mentes
700 3281 764 3320 esse
785 3261 957 3337 perterritas.
998 3260 1057 3316 Tot
1078 3260 1156 3316 milia

100 3358 311 3417 latrocinantur
332 3369 425 3416 morte
447 3360 605 3434 proposita,
628 3359 675 3416 alii
700 3360 807 3430 omnia,
832 3377 909 3434 quae
933 3367 1065 3433 possunt,
1088 3358 1156 3414 iana

102 3455 263 3534 conpilant.
305 3454 414 3527 Credo,
438 3465 491 3518 aut,
512 3456 696 3516 illosmortis
719 3457 806 3514 timor
830 3465 916 3514 terret
939 3464 989 3513 aut
1013 3455 1067 3512 hos
1091 3454 1155 3511 reli·

101 3552 207 3628 gionis.

143 3647 203 3708 Sed
225 3647 364 3722 quoniam
387 3666 447 3706 non
471 3638 562 3707 audes
589 3647 662 3724 (iam
685 3649 854 3706 enimcum
877 3648 941 3721 ipso
962 3649 1091 3723 Epicuro
1111 3646 1154 3705 lo·
1168 3664 1193 3705 ar

66 3768 90 3809 as
103 3744 191 3824 quar)
209 3761 317 3821 negare
338 3762 402 3803 esse
423 3743 506 3817 deos,
527 3743 599 3820 quid
620 3753 672 3816 est,
687 3742 769 3818 quod
789 3753 819 3801 te
840 3741 971 3816 inpediat
992 3753 1042 3803 aut
1062 3744 1155 3802 solem
