2504 4170
345 269 451 320 mat
482 269 544 320 cn.
555 270 678 330 xxxiv,
689 271 797 321 xxxv.
831 270 963 334 sem.
1133 257 1171 319 61

122 424 200 485 milia
229 441 295 483 esse
326 421 512 494 mundorum,
540 422 594 482 sed
624 424 843 482 innumerabilia
872 442 959 482 ausus
991 443 1023 482 es
1056 423 1177 483 dicere?

122 522 209 580 Ratio
231 521 344 578 docuit.
387 521 464 595 Ergo
487 520 545 578 hoc
567 530 595 577 te
614 521 687 578 ratio
707 538 768 578 non
787 520 916 592 docebit,
938 539 1005 578 cum
1027 533 1173 595 praestan·

119 619 232 680 ‚tissima
260 627 363 674 natura
389 625 550 690 quaeratur,
579 634 671 690 eaque
699 617 785 675 beata
808 628 838 674 et
861 626 988 687 aeterna,
1013 635 1089 691 quae
1114 620 1175 677 sola

117 714 221 777 divina
241 724 346 773 natura
364 724 417 786 est,
439 723 471 771 ut
492 713 695 771 inmortalitate
718 715 867 771 vincamur
887 714 925 771 ab
946 731 982 770 ea
1001 724 1112 786 natura,
1131 717 1173 773 sic

90 812 211 869 sanimi
234 812 411 886 praestantia
434 811 521 881 vinci,
545 821 633 886 atque
654 819 686 868 ut
708 811 806 882 animi,
828 811 899 868 item
923 812 1073 886 eorporis?
1114 813 1174 872 Cur

120 908 215 984 igitur,
232 926 301 965 cum
316 907 418 965 ceteris
439 908 525 966 rebus
547 907 694 965 inferiores
715 908 814 978 simus,
836 907 929 964 sorma
948 926 1032 982 pares
1053 913 1173 968 sumus?

119 1004 159 1062 ad
173 1004 392 1062 similitudinem
407 1004 486 1061 enim
501 1002 625 1062 deorum
646 1004 765 1079 propius
786 1003 950 1061 accedebat
971 1005 1098 1063 humana
1118 1008 1171 1065 vir-

118 1110 165 1159 tus
190 1120 280 1176 quam
304 1101 403 1175 figura
444 1101 492 1158 An
516 1101 673 1176 quicquam
697 1110 758 1157 tam
781 1100 891 1176 puerile
915 1100 974 1159 dici
998 1112 1095 1178 potest
1123 1086 1215 1193 (υῑξξ

119 1197 249 1256 eundem
267 1197 365 1255 locum
383 1195 491 1256 diutius
512 1199 660 1274 urgeam),
674 1216 764 1272 quam
784 1198 809 1256 si
830 1217 866 1257 ea
884 1217 992 1275 genera
1012 1201 1170 1271 beluarum,

80 1312 194 1369 requae
220 1294 251 1352 in
275 1294 362 1352 rubro
387 1293 458 1352 mari
486 1293 607 1352 Indiave
636 1295 798 1369 gignantur,
822 1296 901 1355 nulla
927 1315 990 1354 esse
1018 1297 1172 1357 dicamus?

117 1392 208 1479 Atqui
226 1409 266 1448 ne
285 1391 470 1448 curiosissimi
491 1389 612 1465 quidem
634 1390 767 1464 homines
788 1393 968 1468 exquirendo
989 1394 1089 1453 audire
1110 1405 1171 1453 tam

116 1491 209 1547 multa
229 1496 363 1563 possunt,
385 1506 474 1562 quam
495 1497 563 1545 sunt
582 1488 682 1559 multa,
704 1507 779 1563 quae
800 1499 883 1561 terra,
905 1492 985 1561 mari,
1006 1491 1169 1566 paludibus,

116 1585 286 1643 fluminibus
301 1585 441 1642 exsistunt
451 1605 459 1656 ;
482 1603 558 1659 quae
578 1603 719 1659 negemus
740 1603 812 1657 esse,
828 1587 897 1661 quia
916 1605 1076 1662 numquam
1097 1589 1169 1647 vidi·

116 1683 205 1740 mus?
246 1683 316 1756 Ipsa
328 1699 398 1738 vero
413 1700 502 1756 quam
523 1680 594 1738 nihil
614 1681 654 1739 ad
674 1699 736 1739 rem
754 1683 888 1757 pertinet,
903 1702 978 1757 quae
999 1703 1050 1743 vos
1072 1685 1169 1744 delec-

75 1804 100 1842 15
115 1788 158 1836 tat
186 1779 324 1849 maxime,
352 1776 531 1836 similitudo!
574 1777 676 1851 Quid?
710 1780 789 1835 canis
817 1797 916 1837 nonne
949 1781 1049 1839 similis
1079 1783 1171 1857 lupo?

113 1886 214 1950 atque,
229 1885 262 1932 ut
278 1875 400 1944 Ennius,

163 2022 275 2081 Simia
296 2040 402 2097 quam
422 2021 567 2095 similis,
589 2022 813 2097 turpissuma
837 2024 972 2096 bestia,
994 2026 1118 2085 nobis!

114 2181 144 2229 at
176 2189 275 2228 mores
307 2170 338 2228 in
368 2180 491 2244 utroque
522 2169 662 2244 dispares.
713 2171 878 2245 Elephanto
911 2173 1061 2230 beluarum
1091 2176 1170 2232 nulla

112 2267 288 2344 prudentior
297 2288 306 2339 ;
328 2276 357 2325 at
377 2266 469 2342 figura
490 2285 565 2341 quae
586 2267 714 2325 vastior?
754 2269 801 2325 De
820 2269 919 2326 bestiis
934 2270 1036 2345 loquor
1046 2291 1054 2341 3
1077 2272 1169 2345 quid?
1181 2288 1206 2328 aa

72 2396 100 2424 ω
113 2367 188 2424 inter
202 2365 283 2440 ipsos
298 2364 431 2422 homines
445 2381 544 2422 nonne
560 2371 589 2420 et
602 2363 753 2421 simillimis
772 2365 870 2422 formis
885 2365 1014 2440 dispares
1029 2385 1124 2425 mores
1139 2379 1168 2425 et

114 2463 246 2521 moribus
264 2461 422 2519 simillimis
440 2460 532 2536 figura
550 2459 717 2518 dissimilis?
759 2462 877 2519 Etenim
899 2463 923 2520 si
944 2462 1043 2533 semel,
1064 2465 1166 2536 Vellei,

112 2560 289 2634 suscipimus
317 2576 409 2634 genus
437 2558 496 2616 hoc
525 2557 697 2632 argumenti,
727 2557 856 2629 attende,
885 2578 945 2634 quo
973 2570 1078 2634 serpat.
1119 2563 1166 2620 Tu

112 2659 192 2716 enim
207 2656 344 2714 sumebas
358 2655 413 2712 nisi
427 2655 457 2713 in
472 2654 598 2713 hominis
613 2655 704 2730 figura
717 2656 859 2714 rationem
874 2658 969 2714 inesse
984 2675 1043 2715 non
1059 2677 1165 2733 posse,

112 2765 209 2814 sumet
223 2755 295 2812 alius
309 2753 364 2810 nisi
379 2753 409 2810 in
423 2753 557 2823 terrestri,
572 2752 627 2809 nisi
647 2752 677 2811 in
694 2771 741 2824 e0,
759 2754 810 2828 qui
828 2764 913 2812 natus
933 2754 977 2825 sit,
997 2756 1050 2812 nisi
1070 2756 1099 2813 in
1119 2775 1164 2827 e0,

72 2878 98 2915 2⁵
112 2853 161 2927 qui
175 2852 346 2922 adoleverit,
361 2851 415 2908 nisi
430 2851 460 2908 in
474 2868 520 2921 eo,
536 2850 587 2924 qui
602 2848 745 2921 didicerit,
763 2851 818 2908 nisi
835 2851 865 2908 in
882 2869 928 2922 eo,
946 2852 996 2927 qui
1014 2870 1050 2909 ex
1066 2855 1164 2913 animo

112 2958 228 3008 constet
245 2958 275 3006 et
291 2966 414 3023 corpore
433 2947 548 3006 caduco
566 2956 595 3004 et
617 2947 741 3017 infirmo,
759 2958 909 3022 postremo
927 2949 981 3006 nisi
998 2950 1028 3006 in
1045 2949 1164 3009 homine

110 3056 199 3121 atque
219 3045 341 3103 mortali.
384 3044 499 3118 Quodsi
514 3045 543 3102 in
561 3044 696 3102 omnibus
714 3044 758 3102 bis
774 3045 861 3103 rebus
878 3045 1002 3116 obsistis,
1023 3046 1093 3122 quid
1111 3059 1162 3118 est,

110 3142 193 3218 quod
202 3153 231 3200 te
243 3138 335 3199 forma
343 3160 402 3198 una
411 3142 587 3200 conturbet?
616 3141 672 3199 His
684 3141 762 3198 enim
773 3142 918 3214 omnibus,
929 3162 1004 3218 quae
1015 3146 1162 3219 proposui,

110 3239 257 3297 adiunctis
274 3238 304 3295 in
321 3237 440 3295 homine
459 3239 601 3296 rationem
618 3256 682 3296 esse
700 3249 729 3296 et
746 3251 876 3298 mentem
897 3239 1037 3312 videbas,
1058 3241 1163 3315 quibus

70 3363 97 3402 ³0
110 3335 249 3394 detractis
264 3333 354 3392 deum
368 3344 467 3392 tamen
481 3353 568 3392 nosse
583 3345 611 3392 te
627 3335 709 3404 dicis,
725 3336 816 3394 modo
832 3338 1000 3394 liniamenta
1014 3349 1162 3398 maneant.

110 3434 181 3490 Hoc
201 3441 323 3489 estnon
341 3429 535 3500 considerare,
553 3430 605 3488 sed
622 3431 704 3503 quasi
722 3433 823 3502 sortiri,
839 3433 909 3507 quid
927 3434 1055 3507 loquare.
1099 3435 1162 3511 Nisi
1175 3449 1200 3488 oo

109 3529 236 3586 fortene
252 3525 445 3599 hocquidem
462 3526 596 3597 attendis
614 3545 674 3583 non
694 3526 784 3585 modo
805 3529 834 3584 in
853 3528 981 3600 homine,
1001 3529 1054 3587 sed
1073 3531 1161 3587 etiam

108 3625 139 3683 in
161 3624 274 3695 arbore,
298 3621 440 3700 quicquid
461 3641 709 3696 supervacaneum
731 3624 766 3678 sit
787 3634 836 3680 aut
858 3643 941 3681 usum
963 3643 1023 3681 non
1045 3626 1160 3695 habeat,

107 3721 234 3782 obstare.
278 3718 376 3795 Quam
395 3718 551 3776 molestum
570 3726 613 3775 est
632 3735 692 3775 uno
713 3717 803 3792 digito
825 3720 889 3795 plus
910 3719 1037 3778 haberet
1080 3720 1161 3795 Quid
