2504 4170
121 228 162 291 82
450 240 499 289 ne
519 240 665 290 maruan
685 240 845 290 osonum.

119 394 255 456 consules
276 412 349 453 esse.
391 397 522 469 Augures
542 413 606 451 rem
626 393 665 451 ad
684 405 838 466 senatum3
859 405 986 465 senatus,
1008 404 1042 453 ut
1062 395 1176 454 abdica·

119 504 183 553 rent
194 492 331 551 consules
343 512 350 563 ;
364 491 582 549 abdicaverunt.
626 492 711 564 Quae
722 493 887 566 quaerimus
903 493 1039 567 exempla
1050 495 1176 551 maiora?

118 592 170 649 Vir
187 589 416 666 sapientissimus
433 600 520 663 atque
541 587 620 645 haud
638 589 728 645 sciam
751 607 788 646 an
811 590 944 646 omnium
966 592 1174 664 praestantissi-

119 706 184 747 mus
199 697 354 764 peccatum
369 705 463 756 suurn,
479 686 560 760 quod
576 685 662 742 celari
682 697 790 759 posset,
813 687 944 743 confiteri
966 687 1070 743 maluit
1091 707 1174 762 quam

119 786 237 845 haerere
257 786 286 843 in
308 802 337 842 re
359 784 477 859 publica
497 783 677 857 religionem,
696 783 831 841 consules
852 802 1000 841 summurn
1021 785 1195 859 imperiums

119 882 216 941 statim
244 881 394 957 deponere
422 899 511 955 quam
539 879 570 937 id
598 890 697 937 tenere
728 891 872 955 punctum
905 882 1046 955 temporis
1078 894 1174 940 contra

81 992 105 1035 re
119 979 297 1055 religionem.
349 980 460 1053 Magna
486 996 628 1053 augumm
656 978 813 1035 auctoritas
824 997 833 1050 3
865 977 957 1052 quid?
988 977 1172 1053 haruspicum

118 1096 163 1135 ars
178 1094 275 1135 nonne
291 1075 409 1133 divina?
451 1076 538 1133 Haec
551 1084 581 1132 ct
592 1075 812 1132 innumerabilia
825 1093 863 1131 ex
879 1074 987 1131 eodem
1001 1093 1113 1149 genere
1128 1076 1173 1151 qui

118 1173 225 1245 videat,
253 1191 352 1231 nonne
380 1181 502 1247 cogatur
529 1171 662 1229 confiteri
690 1170 764 1228 deos
798 1172 884 1228 esse?
925 1171 1061 1244 Quorum
1097 1172 1173 1229 enim

118 1270 287 1347 interpretes
315 1280 390 1341 sunt,
419 1287 471 1328 eos
499 1269 579 1345 ipsos
607 1286 672 1326 esse
700 1278 779 1325 certe
812 1285 933 1325 necesse
964 1277 1029 1339 est,
1051 1267 1173 1326 deorum
1182 1293 1198 1320 ω

117 1377 215 1427 autem
231 1369 401 1442 interpretes
416 1378 484 1425 sunt
494 1388 502 1439 ;
524 1366 598 1425 deos
612 1366 698 1441 igitur
718 1384 782 1423 esse
804 1365 953 1422 fateamur.
995 1367 1035 1422 At
1057 1366 1173 1424 fortasse

116 1484 175 1524 non
196 1466 296 1524 omnia
319 1466 464 1534 eveniunt,
489 1482 565 1538 quae
589 1463 741 1538 praedicta
763 1473 838 1520 sunt.
882 1464 928 1520 Ne
951 1463 1031 1536 aegri
1055 1463 1174 1538 quidem

116 1564 184 1637 quia
206 1581 264 1621 non
287 1581 389 1620 omnes
412 1562 630 1632 convalescunt,
652 1560 764 1618 idcirco
785 1579 830 1616 ars
851 1560 932 1616 nulla
952 1559 1105 1618 medicina
1125 1570 1172 1619 est

117 1660 204 1735 Signa
233 1659 426 1718 ostenduntur
457 1677 475 1715 a
506 1658 550 1715 dis
581 1675 677 1715 rerum
709 1658 878 1715 futurarum.
922 1658 957 1714 In
990 1656 1036 1714 his
1069 1658 1095 1716 si
1127 1658 1174 1734 qui

117 1767 290 1825 erraverunt,
325 1774 385 1812 non
420 1755 544 1812 deorum
579 1765 688 1824 natura,
724 1754 778 1812 sed
816 1754 968 1811 hominum
1003 1755 1199 1819 coniecturae

116 1855 258 1929 peccavit.
303 1854 405 1927 ltaque
421 1854 495 1908 inter
509 1852 604 1908 omnis
619 1853 750 1909 omnium
764 1852 895 1926 gentium
910 1869 1025 1908 summa
1040 1862 1173 1925 constat,

116 1958 252 2015 omnibus
271 1957 349 2014 enim
367 1957 499 2012 innatum
519 1964 562 2012 est
584 1955 664 2012 etin
685 1956 784 2013 animo
805 1956 888 2029 quasi
909 1954 1091 2030 insculptum
1112 1973 1173 2016 esse

79 2037 197 2145 sstleos.
251 2053 359 2127 Quales
382 2053 447 2122 sint,
471 2052 580 2108 varium
603 2062 655 2122 est,
679 2061 742 2110 esse
765 2070 853 2110 nemo
878 2061 973 2126 negat.
1016 2052 1173 2112 Cleanthes

116 2149 235 2226 (pridem
251 2160 348 2208 noster
361 2159 497 2223 quattuor
511 2147 549 2205 de
571 2149 664 2206 causis
686 2148 758 2207 dixit
780 2150 809 2206 in
830 2149 933 2206 animis
955 2148 1112 2207 hominurn
1133 2151 1172 2208 in·

115 2247 250 2305 formatas
271 2246 393 2305 deorum
415 2263 478 2303 esse
500 2245 644 2303 notiones.
687 2247 813 2303 Primam
836 2246 932 2320 posuit
953 2262 1028 2316 eam,
1055 2244 1096 2304 de
1118 2265 1201 2322 quan

116 2343 207 2403 modo
228 2343 296 2413 dixi,
318 2360 393 2417 quae
414 2352 477 2400 orta
498 2351 574 2399 esset
595 2360 632 2398 ex
652 2343 857 2417 praesensione
878 2361 973 2399 rerum
994 2343 1172 2416 futurarum;

115 2440 242 2513 alteram,
267 2458 356 2515 quarn
377 2440 539 2514 ceperimus
560 2457 597 2496 ex
618 2438 817 2514 magnitudine
839 2438 1076 2511 commodorum,
1100 2457 1172 2514 quae

115 2538 312 2615 percipiuntur
325 2537 397 2594 caeli
411 2536 632 2610 temperatione,
648 2535 825 2593 fecunditate
840 2545 978 2592 terrarum
993 2535 1173 2611 aliarumque

78 2646 103 2691 lt
115 2633 358 2692 commoditatum
372 2633 555 2708 conplurium
570 2633 675 2707 copia;
697 2633 820 2702 tertiam,
836 2650 912 2705 quae
927 2640 1046 2689 terreret
1059 2633 1173 2692 animos

115 2730 291 2801 fulminibus,
305 2730 535 2805 tempestatibus,
550 2729 666 2800 nimbis,
680 2729 803 2799 nivibus,
818 2728 1015 2804 grandinibus,
1029 2730 1172 2801 vastitate,
1182 2757 1202 2795 ις

114 2827 287 2903 pestilentia,
321 2838 412 2885 terrae
448 2827 575 2884 motibus
610 2836 640 2883 et
673 2845 760 2901 saepe
796 2826 955 2884 fremitibus
989 2825 1172 2901 lapideisque

115 2924 254 2983 imbribus
282 2935 311 2982 et
337 2924 425 2999 guttis
454 2923 589 2981 imbrium
616 2924 698 2997 quasi
726 2923 861 2992 cruentis
890 2933 953 2980 tum
980 2921 1096 2980 labibus
1124 2932 1173 2982 aut

114 3020 272 3096 repentinis
297 3030 437 3078 terrarum
465 3019 600 3089 hiatibus,
628 3028 690 3076 tum
718 3031 832 3095 praeter
859 3030 990 3076 naturam
1017 3017 1172 3078 hominum

114 3116 321 3192 pectulumque
335 3116 486 3192 portentis,
500 3125 563 3174 tum
577 3115 688 3173 facibus
708 3117 775 3173 visis
797 3116 977 3185 caelestibus,
999 3125 1063 3172 turn
1084 3117 1172 3175 stellis

114 3214 157 3281 iis,
172 3234 244 3291 quas
258 3218 364 3275 Graeci
379 3226 519 3285 cometas,
533 3214 624 3273 nostri
644 3215 824 3272 cincinnatas
844 3225 960 3284 vocant,
981 3232 1058 3289 quae
1079 3234 1204 3291 nupera

113 3312 190 3371 bello
215 3314 378 3373 Octaviano
404 3329 575 3387 magnarum
603 3310 717 3368 fuerunt
744 3311 941 3368 calamitatum
969 3312 1171 3385 praenuntiae,

113 3418 176 3468 tum
190 3410 252 3469 sole
265 3411 422 3485 geminato,
436 3408 528 3484 quod,
542 3418 574 3465 ut
588 3424 604 3464 e
618 3420 700 3482 patre
713 3407 821 3475 audivi,
835 3408 983 3465 Tuditano
1002 3416 1032 3464 et
1052 3409 1173 3483 Aquilio

113 3506 282 3565 consulibus
303 3515 449 3567 evenerat.
471 3522 533 3580 quo
556 3502 677 3578 quidem
700 3522 778 3562 anno
804 3506 836 3561 P.
858 3505 1010 3561 Africanus
1034 3504 1080 3561 sol
1100 3505 1174 3563 alter

112 3605 258 3663 extinctus
292 3613 345 3673 est,
379 3603 485 3678 quibus
519 3600 647 3658 exterriti
680 3600 814 3659 homines
840 3601 900 3658 sim
928 3599 1079 3675 quandam
1106 3618 1173 3661 esse

75 3700 272 3765 umetestem
298 3710 328 3759 et
354 3698 483 3759 diuinam
510 3697 650 3772 suspicati
675 3708 762 3770 sunt;
788 3708 921 3772 quartam
948 3714 1069 3772 causam
1095 3714 1205 3776 Q„
