2498 4170
150 277 195 343 90
480 274 529 323 oa
550 274 696 326 NATURA
718 275 878 326 ouonuni.

151 432 313 489 animantes
338 438 436 488 autem
461 429 624 501 hominum,
645 439 677 487 ut
701 448 810 504 equum
834 428 960 488 vehendi
983 446 1087 502 causa,
1110 431 1203 491 arandi
1234 437 1237 448 ’

151 529 268 598 bovem,
282 526 409 584 venandi
424 535 454 584 et
468 525 653 584 custodiendi
668 545 782 584 canem,
825 529 893 601 Ipse
908 534 1005 584 autem
1020 526 1121 587 homo
1135 541 1203 589 ortus

152 635 196 682 est
220 624 258 681 ad
286 622 430 680 mundum
458 623 719 697 contemplandum
746 634 776 680 et
803 623 984 694 imitandum,
1006 625 1091 684 nullo
1121 628 1204 688 modo
1248 611 1249 628 ³

114 734 140 776 se
152 723 307 797 perlectus,
333 720 386 778 sed
414 730 458 777 est
482 720 628 793 quaedam
653 720 794 794 particula
821 720 950 794 perlecti.
992 720 1053 779 Sed
1083 725 1205 784 mundus

153 819 292 893 quoniam
316 818 415 875 omnia
434 817 594 892 conplexus
616 826 660 874 est
681 835 778 892 neque
802 827 846 875 est
859 819 1028 892 quicquam,
1043 823 1132 896 quod
1153 840 1224 899 noni

152 917 219 973 insit
234 916 263 972 in
278 932 324 986 eo,
339 915 484 989 perfectus
505 913 635 988 undique
658 922 711 972 est.
754 914 813 988 Qui
835 915 920 989 igitur
942 927 1040 991 potest
1063 920 1094 976 ei
1109 919 1205 978 deesse

153 1012 193 1084 id,
205 1012 286 1087 quod
300 1023 344 1070 est
358 1012 524 1087 optimum?
543 1011 614 1068 nihil
628 1021 727 1068 autem
741 1020 785 1069 est
801 1023 901 1071 mente
916 1025 945 1072 et
958 1015 1072 1073 ratione
1088 1018 1206 1088 melius;

153 1128 223 1185 ergo
238 1110 311 1167 haec
325 1107 437 1166 mundo
451 1107 556 1166 deesse
570 1126 631 1165 non
646 1119 778 1182 possunt.
822 1111 902 1169 Bene
917 1111 1002 1186 igitur
1022 1110 1107 1172 idem
1122 1114 1206 1190 Chry·

153 1208 263 1282 sippus,
285 1207 336 1280 qui
356 1204 558 1263 similitudines
579 1204 742 1280 adiungens
766 1209 865 1266 omnia
885 1210 916 1266 in
937 1209 1076 1283 perfectis
1100 1221 1133 1269 et
1154 1230 1206 1269 ma·

154 1305 223 1362 turis
244 1303 334 1361 docet
354 1320 418 1360 esse
440 1302 569 1373 meliora,
583 1311 616 1358 ut
636 1302 667 1359 in
690 1322 769 1378 equo
789 1323 879 1380 quam
901 1307 930 1363 in
953 1306 1068 1378 eculeo,
1083 1307 1118 1366 in
1140 1326 1228 1367 mne·

154 1419 243 1476 quam
265 1402 296 1458 in
318 1400 424 1471 catulo,
445 1400 476 1456 in
499 1400 561 1457 viro
586 1418 675 1474 quam
701 1402 731 1459 in
755 1421 856 1478 puero,
872 1405 951 1473 item,
966 1403 1050 1478 quod
1074 1404 1108 1463 in
1134 1405 1208 1464 omni

154 1499 268 1557 mundo
282 1499 427 1574 optimum
440 1498 485 1569 sit,
500 1497 531 1554 id
553 1497 584 1554 in
605 1500 737 1573 perlecto
758 1502 855 1576 aliquo
877 1511 965 1575 atque
986 1501 1128 1562 absoluto
1149 1520 1207 1563 esse

116 1606 143 1648 ss
155 1597 283 1669 debere3
305 1606 349 1654 est
363 1605 462 1653 autem
483 1595 554 1653 nihil
576 1597 689 1655 mundo
704 1599 868 1674 perfectius,
884 1599 955 1655 nihil
968 1598 1073 1657 virtute
1087 1602 1207 1673 melius3

155 1697 240 1770 igitur
254 1696 356 1753 mundi
371 1704 415 1753 est
435 1697 552 1770 propria
566 1697 662 1754 virtus,
706 1698 772 1754 Nec
785 1715 854 1753 vero
875 1695 1001 1752 hominis
1022 1706 1130 1756 natura
1149 1716 1207 1775 per·

155 1793 232 1850 secta
245 1802 298 1864 est,
313 1802 343 1850 et
361 1791 484 1850 efficitur
505 1803 604 1851 tamen
625 1794 656 1849 in
677 1792 796 1850 homine
810 1794 917 1864 virtus;
939 1801 1051 1867 quanto
1074 1795 1164 1870 igitur
1182 1796 1231 1853 ino

156 1890 268 1949 mundo
292 1890 424 1948 facilius!
448 1899 492 1947 est
517 1907 587 1965 ergo
609 1890 640 1947 in
664 1909 701 1947 eo
725 1890 813 1947 virtus
824 1911 832 1961 ;
861 1891 977 1963 sapiens
1002 1899 1047 1948 est
1072 1891 1163 1966 igitur
1183 1900 1209 1950 et

154 1999 310 2065 propterea
331 1986 413 2045 deus,

113 2091 150 2148 15
196 2090 293 2162 Atque
308 2088 363 2145 hac
378 2085 481 2144 mundi
496 2085 645 2143 divinitate
659 2095 814 2159 perspecta
827 2083 982 2143 tribuenda
1002 2094 1047 2142 est
1068 2085 1209 2146 sideribus

156 2184 263 2242 eadem
291 2185 434 2255 divinitas,
459 2201 535 2259 quae
564 2201 601 2240 ex
629 2182 818 2241 mobilissima
847 2182 1058 2256 purissimaque
1087 2183 1209 2242 aetheris

156 2293 238 2357 parte
266 2283 430 2358 gignuntur,
459 2299 555 2356 neque
584 2280 642 2337 ulla
669 2289 819 2355 praeterea
846 2289 912 2336 sunt
944 2278 1076 2337 admixta
1110 2291 1236 2339 natura·

155 2390 276 2454 totaque
291 2391 358 2437 sunt
373 2379 468 2437 calida
482 2389 569 2454 atque
584 2375 743 2452 perlucida,
758 2386 790 2432 ut
811 2394 846 2433 ea
860 2393 978 2449 quoque
999 2376 1165 2435 rectissime
1184 2386 1210 2435 et

118 2487 145 2530 to
156 2478 317 2537 animantia
330 2494 394 2535 esse
408 2487 438 2535 et
452 2478 558 2535 sentire
582 2486 670 2550 atque
691 2472 857 2547 intellegere
872 2473 1014 2530 dicantur.
1055 2476 1158 2548 Atque
1178 2492 1211 2532 ea

157 2573 277 2649 quidem
291 2584 353 2631 tota
367 2592 430 2632 esse
450 2575 536 2648 ignea
549 2572 674 2631 duomm
696 2589 835 2628 sensuum
856 2570 1023 2626 testimonio
1046 2570 1212 2629 confirmari

157 2673 314 2731 Cleanthes
328 2681 420 2746 putat,
435 2682 529 2730 tactus
544 2682 574 2729 et
592 2670 753 2728 oculorum.
796 2670 874 2726 Nam
896 2668 963 2724 solis
984 2678 1014 2724 et
1034 2667 1151 2726 candor
1171 2669 1211 2727 in·

158 2769 270 2826 lustrior
293 2777 337 2826 est
357 2787 446 2842 quam
469 2769 552 2826 ullius
575 2769 657 2843 ignis,
679 2767 790 2840 quippe
811 2766 913 2840 quiin
939 2765 1073 2822 inmenso
1098 2764 1240 2826 mundos

157 2875 217 2923 tam
230 2866 317 2940 longe
332 2866 447 2940 lateque
462 2866 625 2935 conluceat,
641 2874 670 2922 et
685 2864 708 2921 is
729 2864 791 2920 eius
812 2872 905 2919 tactus
927 2872 980 2931 est,
995 2880 1056 2918 non
1077 2871 1110 2919 ut
1130 2873 1212 2939 tape-

157 2962 243 3019 saciat
257 2962 360 3033 solum,
375 2961 428 3020 sed
449 2963 536 3020 etiam
551 2980 639 3036 saepe
655 2962 816 3029 comburat,
832 2978 956 3034 quorum
978 2969 1113 3017 neutrum
1135 2959 1212 3017 sace·

157 3069 209 3129 ret,
224 3059 279 3116 nisi
293 3069 370 3116 esset
384 3060 495 3134 igneus.
538 3061 634 3133 ‘Ergo
646 3060 662 3128 ’,
674 3059 777 3132 inquit,
795 3063 879 3114 ‘cum
895 3057 938 3113 sol
954 3057 1054 3130 igneus
1069 3056 1106 3113 sit
1117 3056 1212 3115 Ocea-

157 3157 246 3230 nique
262 3156 352 3213 alatur
366 3157 523 3226 umoribus
538 3155 713 3230 quianullus
735 3155 809 3228 ignis
824 3155 886 3211 sine
902 3164 985 3228 pastu
1000 3152 1099 3225 aliquo
1113 3136 1214 3226 posset

157 3270 337 3327 permanere,
352 3270 473 3310 necesse
488 3262 531 3309 est
546 3263 596 3310 aut
616 3253 643 3309 ei
664 3252 763 3309 similis
785 3252 821 3308 sit
844 3252 911 3325 igni,
927 3269 1016 3325 quem
1038 3248 1244 3309 adhibemusa⁰

158 3348 197 3406 ad
211 3367 295 3406 usum
316 3359 404 3422 atque
417 3349 535 3418 victum,
550 3359 601 3406 aut
615 3349 651 3418 ei,
666 3349 716 3422 qui
738 3348 907 3421 corporibus
929 3347 1121 3404 animantium
1141 3365 1212 3405 cou-

120 3460 145 3502 tr
159 3446 273 3502 tinetur.
314 3447 402 3520 Atqui
424 3445 472 3502 hic
493 3455 591 3502 noster
612 3445 694 3518 ignis,
709 3462 798 3517 quem
820 3462 888 3500 usus
903 3445 977 3500 vitae
999 3443 1126 3516 requirit,
1141 3461 1212 3501 con-

159 3543 251 3599 sector
264 3551 308 3599 est
322 3552 351 3598 et
365 3550 556 3614 consumptor
569 3541 710 3609 omniurn,
725 3540 873 3612 idemque,
888 3558 1078 3613 quocumque
1100 3539 1212 3611 invasit,

159 3649 267 3696 cuncta
290 3637 431 3696 disturbat
454 3655 491 3694 ac
515 3627 663 3710 dissipat;'
682 3647 784 3693 contra
805 3635 851 3692 ille
880 3654 1037 3711 corporeus
1064 3637 1158 3694 vitalis
1184 3642 1213 3693 et

159 3735 289 3795 salutaris
309 3735 410 3793 omnia
429 3742 591 3804 conservat,
606 3733 664 3804 alit,
678 3742 774 3807 auget,
789 3731 910 3789 sustinet
930 3750 1077 3806 sensuque
1092 3731 1211 3792 adficit'
1220 3752 1241 3795 5

356 3870 440 3888 *n-
