2504 4170
318 274 383 324 rra.
400 273 436 324 11.
469 273 530 324 cn.
551 274 795 325 xxxin-xxxx.
830 274 962 338 §tila-88·
1107 275 1163 342 105

106 437 154 487 aut
168 427 320 486 mundum
334 428 393 504 regi
408 428 610 486 confitendum
629 438 681 486 est.
725 429 851 500 Etenim,
867 430 917 503 qui
938 430 1061 505 reliquas
1083 441 1165 488 nutu·
1180 446 1205 484 su

106 545 151 584 ras
180 543 291 584 omnes
320 544 475 600 earumque
504 527 616 583 semina
644 527 802 596 contineat,
827 528 875 601 qui
904 537 1001 602 potest
1024 529 1086 602 ipse
1106 547 1166 585 non

107 634 211 681 natura
239 621 455 680 administrari?
482 633 523 695 ut,
553 623 577 680 si
604 624 654 697 qui
682 624 785 681 dentes
808 636 837 681 et
858 626 1041 699 pubertatem
1064 638 1166 684 natura

109 719 188 778 dicat
204 721 339 791 existere,
355 720 449 795 ipsum
465 732 562 777 autern
578 720 738 791 hominem,
754 721 802 777 cui
820 741 854 778 ea
869 723 1001 794 existant,
1017 742 1077 781 non
1095 744 1165 782 con·

81 837 91 876 s
109 827 184 875 stare
206 826 319 888 natura,
335 835 395 873 non
419 817 566 891 intellegat
588 835 632 887 ea,
654 836 730 891 quae
753 818 880 876 ecferant
902 819 1011 894 aliquid
1033 839 1069 877 ex
1091 841 1165 894 sese,

109 914 302 989 perfectiores
316 912 422 970 habere
438 923 553 970 naturas
568 932 655 987 quam
671 933 715 985 ea,
731 934 805 989 quae
821 934 857 972 ex
871 917 905 973 iis
920 917 1090 976 ecferantur.

149 1010 294 1070 Omnium
308 1019 405 1066 autern
418 1027 523 1081 rerum,
539 1029 612 1084 quae
627 1022 730 1068 natura
750 1011 993 1085 administrantur,
1008 1016 1209 1073 seminatorssf

110 1117 138 1164 et
159 1117 240 1164 sator
262 1117 292 1164 et
312 1125 425 1180 parens,
450 1117 482 1164 ut
503 1107 543 1164 ita
564 1107 670 1179 dicam,
693 1119 779 1183 atque
806 1109 947 1168 educator
971 1121 1001 1169 et
1023 1113 1096 1169 altor
1122 1124 1166 1170 cst

109 1203 239 1262 mundus
262 1204 419 1277 omniaque
441 1203 516 1261 sicut
537 1205 669 1262 membra
690 1215 719 1262 et
740 1216 835 1280 partes
857 1227 922 1265 suas
951 1209 1109 1266 nutricatur
1136 1221 1166 1267 et

75 1301 253 1360 recontinet.
297 1301 412 1375 Quodsi
426 1301 528 1358 mundi
545 1311 641 1376 partes
662 1313 765 1360 natura
785 1303 1028 1375 administrantur,
1044 1324 1165 1364 necesse

109 1409 153 1457 est
173 1397 320 1456 mundum
344 1398 438 1473 ipsum
455 1408 558 1455 natura
578 1398 780 1470 administrari,
797 1403 878 1458 cuius
900 1401 1018 1475 quidem
1041 1403 1163 1461 admini-

108 1496 209 1555 stratio
231 1496 304 1552 nihil
325 1495 413 1553 habet
433 1496 462 1553 in
484 1514 526 1566 se,
541 1497 622 1570 quod
643 1497 817 1572 reprehendi
839 1500 949 1573 possit;
972 1518 1008 1557 cx
1030 1501 1063 1557 iis
1087 1503 1165 1558 enim

107 1593 228 1664 naturis,
252 1611 327 1668 quae
349 1603 439 1664 erant,
461 1592 542 1667 quod
564 1594 640 1650 effici
662 1594 805 1668 optimum
827 1597 930 1670 potuit,
954 1596 1090 1654 effectum
1112 1610 1165 1656 est.

109 1693 228 1749 Doceat
243 1709 314 1765 ergo
328 1690 429 1765 aliquis
444 1691 573 1766 potuisse
589 1692 701 1748 melius.
744 1692 802 1749 Sed
817 1712 905 1750 nemo
920 1713 1059 1768 umquam
1075 1695 1164 1752 doce·
1178 1709 1203 1752 st

71 1816 94 1853 ις
107 1789 160 1860 bit,
177 1797 206 1845 et
221 1789 245 1845 si
260 1788 324 1862 quis
339 1788 482 1862 corrigere
505 1787 613 1863 aliquid
635 1789 721 1859 volet,
737 1798 786 1845 aut
808 1789 934 1847 deterius
956 1791 1041 1847 faciet
1056 1801 1104 1849 aut
1125 1792 1164 1862 id,

108 1885 192 1961 quod
207 1885 269 1943 fieri
284 1904 345 1942 non
360 1886 494 1960 potuerit,
510 1885 695 1944 desiderabit.
739 1887 852 1959 Quodsi
868 1906 970 1944 omnes
985 1888 1085 1945 mundi
1100 1907 1164 1963 par-

108 1994 153 2041 tes
171 1984 212 2040 ita
233 1983 406 2041 constitutae
428 1992 503 2054 sunt,
526 1993 557 2040 ut
578 2001 674 2057 neque
696 1982 734 2040 ad
757 2003 840 2041 usum
862 1985 995 2041 meliores
1017 1988 1166 2059 potuerint

109 2099 174 2138 esse
189 2098 287 2155 neque
302 2078 340 2137 ad
355 2080 485 2154 speciem
507 2080 694 2154 pulchriores,
710 2081 869 2152 videamus,
892 2092 987 2139 utrum
1009 2101 1044 2139 ea
1066 2084 1164 2141 fortui-

66 2206 69 2210 Δ
108 2189 179 2236 tane
195 2178 253 2235 sint
267 2195 305 2234 an
320 2194 356 2234 eo
371 2186 455 2248 statu,
471 2195 529 2251 quo
552 2177 707 2234 cohaerere
729 2177 807 2235 nullo
830 2178 920 2235 modo
942 2181 1089 2253 potuerint
1111 2183 1166 2239 nisi

67 2301 95 2329 ω
109 2294 199 2333 sensu
214 2273 385 2332 moderante
400 2273 555 2348 divinaque
571 2273 762 2349 providentia.
804 2276 832 2333 Si
853 2277 937 2350 igitur
958 2277 1077 2333 meliora
1099 2289 1166 2335 sunt

109 2390 156 2443 ea,
179 2389 255 2446 quae
277 2380 387 2441 natura,
410 2390 497 2446 quam
519 2372 573 2442 illa,
596 2390 671 2446 quae
693 2383 752 2429 arte
781 2374 910 2447 perfecta
938 2384 1012 2444 sunt,
1035 2393 1091 2431 nec
1120 2395 1165 2433 ars

108 2470 202 2528 efficit
216 2469 373 2544 quicquam
388 2470 449 2526 sine
464 2469 584 2540 ratione,
600 2488 636 2527 ne
659 2481 760 2527 natura
781 2469 901 2543 quidem
923 2471 1040 2528 rationis
1062 2490 1165 2546 expers

108 2576 155 2625 est
170 2565 317 2624 habenda.
360 2567 419 2641 Qui
434 2567 518 2642 igitur
538 2567 683 2637 convenit,
700 2568 815 2642 signum
836 2577 884 2623 aut
906 2568 1034 2624 tabulam
1057 2571 1166 2643 pictam

108 2683 180 2723 curn
196 2664 352 2738 aspexeris,
367 2665 439 2721 scire
454 2664 614 2721 adhibitam
630 2682 693 2721 esse
714 2674 814 2734 artem,
830 2683 956 2738 cumque
978 2667 1080 2740 procul
1101 2687 1164 2724 cur·

65 2789 92 2826 25
108 2781 176 2820 sum
197 2761 303 2837 navigii
325 2761 438 2832 videris,
460 2780 521 2819 non
542 2761 683 2830 dubitare,
706 2761 776 2834 quin
797 2760 828 2817 id
848 2762 960 2818 ratione
989 2773 1075 2838 atque
1104 2777 1164 2822 arte

107 2869 271 2930 moveatur,
287 2869 345 2930 aut,
357 2879 424 2917 cum
438 2860 573 2917 solarium
587 2860 632 2916 vel
648 2858 818 2933 discriptum
831 2860 877 2916 vel
892 2878 929 2916 ex
942 2879 1018 2934 aqua
1032 2873 1163 2919 contem-

107 2958 200 3032 plere,
213 2957 381 3031 intellegere
396 2956 534 3013 declarari
549 2956 633 3013 horas
648 2966 718 3027 arte,
733 2975 793 3013 non
808 2976 886 3026 casu,
900 2958 1041 3015 mundum
1056 2971 1164 3031 autem,

106 3055 160 3130 qui
174 3062 205 3112 et
219 3054 272 3112 has
287 3054 363 3128 ipsas
378 3065 452 3111 artes
467 3064 496 3110 et
511 3071 609 3110 earum
629 3053 753 3111 artifices
775 3063 804 3110 et
825 3065 933 3111 cuncta
953 3056 1163 3130 conplectatur,

106 3151 224 3209 consilii
242 3161 272 3208 et
286 3151 404 3208 rationis
419 3169 482 3207 esse
498 3161 647 3225 expertem
665 3153 788 3225 putare?
829 3151 944 3225 Quodsi
965 3153 995 3210 in
1017 3153 1164 3227 Scythiam
1177 3169 1203 3208 ss

63 3272 93 3311 ao
106 3249 211 3306 autin
234 3247 412 3305 Britanniam
434 3247 586 3321 sphaeram
609 3248 710 3321 aliquis
731 3248 826 3305 tulerit
855 3248 940 3318 hanc,
963 3267 1050 3322 quarn
1072 3269 1165 3323 nuper

106 3344 256 3403 familiaris
272 3352 371 3406 noster
384 3344 481 3401 effecit
503 3344 685 3415 Posidonius,
701 3344 783 3401 cuius
805 3345 934 3418 singulae
957 3347 1163 3404 conversiones

105 3441 190 3501 idem
205 3440 336 3500 efficiunt
350 3440 379 3498 in
394 3441 455 3499 sole
470 3451 500 3498 et
514 3442 544 3499 in
559 3442 625 3498 luna
646 3451 674 3497 et
695 3442 723 3498 in
739 3441 868 3516 quinque
887 3443 974 3499 stellis
993 3443 1162 3514 errantibus,

105 3538 190 3616 quod
206 3537 331 3596 efficitur
351 3538 380 3595 in
402 3539 484 3596 caelo
506 3539 622 3612 singulis
645 3537 747 3595 diebus
770 3547 800 3595 et
821 3539 964 3609 noctibus,
981 3540 1044 3614 quis
1066 3539 1094 3594 in
1117 3539 1164 3596 illa

103 3635 242 3697 barbaria
263 3634 386 3706 dubitet,
415 3636 484 3709 quin
513 3653 549 3691 ea
575 3635 697 3709 sphaera
725 3635 761 3692 sit
789 3636 918 3710 perfecta
946 3635 1078 3693 ratione?
1120 3637 1207 3698 Hias

62 3754 91 3801 ss
103 3744 208 3795 autem
223 3731 359 3792 dubitant
376 3731 414 3790 de
436 3730 556 3803 mundo,
572 3749 608 3788 ex
629 3749 687 3806 quo
710 3742 739 3789 et
760 3733 890 3789 oriuntur
911 3744 939 3789 et
960 3733 1032 3790 frunt
1054 3733 1161 3805 omnia,
