<?xml version="1.0" encoding="UTF-8"?>
<!DOCTYPE html PUBLIC "-//W3C//DTD XHTML 1.0 Transitional//EN"
    "http://www.w3.org/TR/xhtml1/DTD/xhtml1-transitional.dtd">
<html xmlns="http://www.w3.org/1999/xhtml" xml:lang="en" lang="en">
 <head>
  <title>
</title>
<meta http-equiv="Content-Type" content="text/html;charset=utf-8" />
  <meta name='ocr-system' content='tesseract 3.04.00' />
  <meta name='ocr-capabilities' content='ocr_page ocr_carea ocr_par ocr_line ocrx_word'/>
</head>
<body>
  <div class='ocr_page' id='page_1' title='image "./mtulliiciceroni01schgoog_0153.png"; bbox 0 0 2504 4170; ppageno 0'>
   <div class='ocr_carea' id='block_1_1' title="bbox 162 271 886 336">
    <p class='ocr_par' dir='ltr' id='par_1_1' title="bbox 162 271 886 336">
     <span class='ocr_line' id='line_1_1' title="bbox 162 271 886 336; baseline 0.007 -18"><span class='ocrx_word' id='word_1_1' title='bbox 162 271 222 336; x_wconf 84' lang='lat'>14²</span> <span class='ocrx_word' id='word_1_2' title='bbox 485 271 536 323; x_wconf 83' lang='lat' dir='ltr'>nn</span> <span class='ocrx_word' id='word_1_3' title='bbox 554 271 701 325; x_wconf 78' lang='lat' dir='ltr'>narum</span> <span class='ocrx_word' id='word_1_4' title='bbox 723 271 886 324; x_wconf 77' lang='lat' dir='ltr'>pronum.</span> 
     </span>
    </p>
   </div>
   <div class='ocr_carea' id='block_1_2' title="bbox 34 422 1226 3795">
    <p class='ocr_par' dir='ltr' id='par_1_2' title="bbox 34 422 1226 3795">
     <span class='ocr_line' id='line_1_2' title="bbox 157 422 1201 503; baseline 0.005 -20"><span class='ocrx_word' id='word_1_5' title='bbox 157 422 333 496; x_wconf 81' lang='lat' dir='ltr'>differemus,</span> <span class='ocrx_word' id='word_1_6' title='bbox 347 423 429 500; x_wconf 91' lang='lat' dir='ltr'>quod</span> <span class='ocrx_word' id='word_1_7' title='bbox 447 424 644 502; x_wconf 82' lang='lat' dir='ltr'>Chrysippum</span> <span class='ocrx_word' id='word_1_8' title='bbox 659 423 758 485; x_wconf 84' lang='lat' dir='ltr'>dicere</span> <span class='ocrx_word' id='word_1_9' title='bbox 779 425 889 498; x_wconf 79' lang='lat' dir='ltr'>aiebas,</span> <span class='ocrx_word' id='word_1_10' title='bbox 904 425 1054 503; x_wconf 89' lang='lat' dir='ltr'>quoniam</span> <span class='ocrx_word' id='word_1_11' title='bbox 1075 425 1201 487; x_wconf 74' lang='lat' dir='ltr'>essetab</span> 
     </span>
     <span class='ocr_line' id='line_1_3' title="bbox 156 520 1202 601; baseline 0.005 -23"><span class='ocrx_word' id='word_1_12' title='bbox 156 520 228 598; x_wconf 91' lang='lat' dir='ltr'>quid</span> <span class='ocrx_word' id='word_1_13' title='bbox 248 522 279 580; x_wconf 92' lang='lat' dir='ltr'>in</span> <span class='ocrx_word' id='word_1_14' title='bbox 299 540 395 580; x_wconf 89' lang='lat' dir='ltr'>rerum</span> <span class='ocrx_word' id='word_1_15' title='bbox 415 532 526 594; x_wconf 91' lang='lat' dir='ltr'>natura,</span> <span class='ocrx_word' id='word_1_16' title='bbox 541 521 623 598; x_wconf 89' lang='lat' dir='ltr'>quod</span> <span class='ocrx_word' id='word_1_17' title='bbox 643 523 682 581; x_wconf 91' lang='lat' dir='ltr'>ab</span> <span class='ocrx_word' id='word_1_18' title='bbox 703 522 822 580; x_wconf 91' lang='lat' dir='ltr'>homine</span> <span class='ocrx_word' id='word_1_19' title='bbox 842 521 925 583; x_wconf 89' lang='lat' dir='ltr'>effici</span> <span class='ocrx_word' id='word_1_20' title='bbox 945 542 1010 583; x_wconf 93' lang='lat' dir='ltr'>non</span> <span class='ocrx_word' id='word_1_21' title='bbox 1031 534 1140 601; x_wconf 88' lang='lat' dir='ltr'>posset,</span> <span class='ocrx_word' id='word_1_22' title='bbox 1152 540 1202 583; x_wconf 82' lang='lat' dir='ltr'>esse</span> 
     </span>
     <span class='ocr_line' id='line_1_4' title="bbox 156 617 1202 696; baseline 0.004 -19"><span class='ocrx_word' id='word_1_23' title='bbox 156 617 266 693; x_wconf 83' lang='lat' dir='ltr'>aliquid</span> <span class='ocrx_word' id='word_1_24' title='bbox 285 618 404 677; x_wconf 90' lang='lat' dir='ltr'>homine</span> <span class='ocrx_word' id='word_1_25' title='bbox 423 619 536 690; x_wconf 90' lang='lat' dir='ltr'>melius,</span> <span class='ocrx_word' id='word_1_26' title='bbox 551 637 686 695; x_wconf 88' lang='lat' dir='ltr'>quaeque</span> <span class='ocrx_word' id='word_1_27' title='bbox 701 619 732 677; x_wconf 92' lang='lat' dir='ltr'>in</span> <span class='ocrx_word' id='word_1_28' title='bbox 745 618 837 677; x_wconf 91' lang='lat' dir='ltr'>domo</span> <span class='ocrx_word' id='word_1_29' title='bbox 855 619 984 694; x_wconf 91' lang='lat' dir='ltr'>pulchra</span> <span class='ocrx_word' id='word_1_30' title='bbox 1003 639 1076 679; x_wconf 91' lang='lat' dir='ltr'>cum</span> <span class='ocrx_word' id='word_1_31' title='bbox 1093 620 1202 696; x_wconf 83' lang='lat' dir='ltr'>pulchri·</span> 
     </span>
     <span class='ocr_line' id='line_1_5' title="bbox 156 714 1204 790; baseline 0.003 -18"><span class='ocrx_word' id='word_1_32' title='bbox 156 714 258 773; x_wconf 90' lang='lat' dir='ltr'>tudine</span> <span class='ocrx_word' id='word_1_33' title='bbox 275 715 378 773; x_wconf 92' lang='lat' dir='ltr'>mundi</span> <span class='ocrx_word' id='word_1_34' title='bbox 395 717 597 790; x_wconf 82' lang='lat' dir='ltr'>computabas,</span> <span class='ocrx_word' id='word_1_35' title='bbox 612 725 642 773; x_wconf 92' lang='lat' dir='ltr'>et</span> <span class='ocrx_word' id='word_1_36' title='bbox 660 734 730 774; x_wconf 91' lang='lat' dir='ltr'>cum</span> <span class='ocrx_word' id='word_1_37' title='bbox 748 715 836 773; x_wconf 92' lang='lat' dir='ltr'>totius</span> <span class='ocrx_word' id='word_1_38' title='bbox 855 715 964 775; x_wconf 90' lang='lat' dir='ltr'>mundi</span> <span class='ocrx_word' id='word_1_39' title='bbox 981 717 1204 777; x_wconf 81' lang='lat' dir='ltr'>convenientiam</span> 
     </span>
     <span class='ocr_line' id='line_1_6' title="bbox 155 812 1222 889; baseline 0.007 -20"><span class='ocrx_word' id='word_1_40' title='bbox 155 830 392 888; x_wconf 85' lang='lat' dir='ltr'>consensumque</span> <span class='ocrx_word' id='word_1_41' title='bbox 406 812 568 884; x_wconf 81' lang='lat' dir='ltr'>adserebas,</span> <span class='ocrx_word' id='word_1_42' title='bbox 583 813 768 889; x_wconf 86' lang='lat' dir='ltr'>Zenonisque</span> <span class='ocrx_word' id='word_1_43' title='bbox 784 812 880 873; x_wconf 86' lang='lat' dir='ltr'>brevis</span> <span class='ocrx_word' id='word_1_44' title='bbox 896 822 928 872; x_wconf 92' lang='lat' dir='ltr'>et</span> <span class='ocrx_word' id='word_1_45' title='bbox 945 815 1082 873; x_wconf 86' lang='lat' dir='ltr'>acutulas</span> <span class='ocrx_word' id='word_1_46' title='bbox 1098 814 1222 877; x_wconf 75' lang='lat' dir='ltr'>conclus</span> 
     </span>
     <span class='ocr_line' id='line_1_7' title="bbox 155 908 1203 985; baseline 0.003 -19"><span class='ocrx_word' id='word_1_47' title='bbox 155 908 253 966; x_wconf 90' lang='lat' dir='ltr'>siones</span> <span class='ocrx_word' id='word_1_48' title='bbox 273 909 303 966; x_wconf 93' lang='lat' dir='ltr'>in</span> <span class='ocrx_word' id='word_1_49' title='bbox 324 927 390 967; x_wconf 90' lang='lat' dir='ltr'>eam</span> <span class='ocrx_word' id='word_1_50' title='bbox 410 919 523 985; x_wconf 87' lang='lat' dir='ltr'>partem</span> <span class='ocrx_word' id='word_1_51' title='bbox 543 910 695 979; x_wconf 90' lang='lat' dir='ltr'>sermonis,</span> <span class='ocrx_word' id='word_1_52' title='bbox 710 927 798 984; x_wconf 89' lang='lat' dir='ltr'>quam</span> <span class='ocrx_word' id='word_1_53' title='bbox 818 908 914 968; x_wconf 90' lang='lat' dir='ltr'>modo</span> <span class='ocrx_word' id='word_1_54' title='bbox 935 909 1008 983; x_wconf 87' lang='lat' dir='ltr'>dixi,</span> <span class='ocrx_word' id='word_1_55' title='bbox 1029 909 1203 983; x_wconf 74' lang='lat' dir='ltr'>differemus3</span> 
     </span>
     <span class='ocr_line' id='line_1_8' title="bbox 155 1003 1204 1082; baseline 0.004 -20"><span class='ocrx_word' id='word_1_56' title='bbox 155 1003 321 1080; x_wconf 87' lang='lat' dir='ltr'>eodemque</span> <span class='ocrx_word' id='word_1_57' title='bbox 341 1015 475 1081; x_wconf 90' lang='lat' dir='ltr'>tempore</span> <span class='ocrx_word' id='word_1_58' title='bbox 496 1005 545 1063; x_wconf 85' lang='lat' dir='ltr'>illa</span> <span class='ocrx_word' id='word_1_59' title='bbox 564 1005 672 1076; x_wconf 90' lang='lat' dir='ltr'>omnia,</span> <span class='ocrx_word' id='word_1_60' title='bbox 693 1023 770 1080; x_wconf 92' lang='lat' dir='ltr'>quae</span> <span class='ocrx_word' id='word_1_61' title='bbox 790 1023 809 1063; x_wconf 91' lang='lat' dir='ltr'>a</span> <span class='ocrx_word' id='word_1_62' title='bbox 828 1014 867 1077; x_wconf 83' lang='lat' dir='ltr'>te,</span> <span class='ocrx_word' id='word_1_63' title='bbox 889 1005 1027 1082; x_wconf 79' lang='lat' dir='ltr'>physice,</span> <span class='ocrx_word' id='word_1_64' title='bbox 1046 1006 1128 1066; x_wconf 88' lang='lat' dir='ltr'>dicta</span> <span class='ocrx_word' id='word_1_65' title='bbox 1149 1014 1204 1066; x_wconf 86' lang='lat' dir='ltr'>suut</span> 
     </span>
     <span class='ocr_line' id='line_1_9' title="bbox 154 1100 1202 1178; baseline 0.004 -19"><span class='ocrx_word' id='word_1_66' title='bbox 154 1100 193 1159; x_wconf 90' lang='lat' dir='ltr'>de</span> <span class='ocrx_word' id='word_1_67' title='bbox 213 1101 243 1158; x_wconf 95' lang='lat' dir='ltr'>vi</span> <span class='ocrx_word' id='word_1_68' title='bbox 263 1101 350 1177; x_wconf 84' lang='lat' dir='ltr'>ignea</span> <span class='ocrx_word' id='word_1_69' title='bbox 366 1100 463 1176; x_wconf 89' lang='lat' dir='ltr'>deque</span> <span class='ocrx_word' id='word_1_70' title='bbox 485 1120 523 1160; x_wconf 91' lang='lat' dir='ltr'>eo</span> <span class='ocrx_word' id='word_1_71' title='bbox 543 1101 650 1173; x_wconf 87' lang='lat' dir='ltr'>calore,</span> <span class='ocrx_word' id='word_1_72' title='bbox 669 1119 707 1159; x_wconf 79' lang='lat' dir='ltr'>ex</span> <span class='ocrx_word' id='word_1_73' title='bbox 728 1119 789 1176; x_wconf 93' lang='lat' dir='ltr'>quo</span> <span class='ocrx_word' id='word_1_74' title='bbox 808 1101 909 1159; x_wconf 88' lang='lat' dir='ltr'>omnia</span> <span class='ocrx_word' id='word_1_75' title='bbox 929 1103 1067 1178; x_wconf 73' lang='lat' dir='ltr'>generari</span> <span class='ocrx_word' id='word_1_76' title='bbox 1085 1102 1202 1174; x_wconf 75' lang='lat' dir='ltr'>dicebar,</span> 
     </span>
     <span class='ocr_line' id='line_1_10' title="bbox 153 1197 1204 1273; baseline 0.005 -18"><span class='ocrx_word' id='word_1_77' title='bbox 153 1197 222 1256; x_wconf 89' lang='lat' dir='ltr'>ioco</span> <span class='ocrx_word' id='word_1_78' title='bbox 243 1216 297 1256; x_wconf 90' lang='lat' dir='ltr'>suo</span> <span class='ocrx_word' id='word_1_79' title='bbox 314 1207 497 1273; x_wconf 82' lang='lat' dir='ltr'>quaerentur,</span> <span class='ocrx_word' id='word_1_80' title='bbox 513 1198 682 1273; x_wconf 86' lang='lat' dir='ltr'>omniaque,</span> <span class='ocrx_word' id='word_1_81' title='bbox 697 1216 773 1273; x_wconf 88' lang='lat' dir='ltr'>quae</span> <span class='ocrx_word' id='word_1_82' title='bbox 794 1216 812 1256; x_wconf 93' lang='lat' dir='ltr'>a</span> <span class='ocrx_word' id='word_1_83' title='bbox 831 1208 867 1257; x_wconf 81' lang='lat' dir='ltr'>te</span> <span class='ocrx_word' id='word_1_84' title='bbox 882 1198 993 1259; x_wconf 86' lang='lat' dir='ltr'>nudius</span> <span class='ocrx_word' id='word_1_85' title='bbox 1013 1201 1120 1260; x_wconf 87' lang='lat' dir='ltr'>tertius</span> <span class='ocrx_word' id='word_1_86' title='bbox 1135 1199 1204 1259; x_wconf 82' lang='lat' dir='ltr'>dica</span> 
     </span>
     <span class='ocr_line' id='line_1_11' title="bbox 154 1292 1226 1370; baseline 0 -18"><span class='ocrx_word' id='word_1_87' title='bbox 154 1303 230 1365; x_wconf 88' lang='lat' dir='ltr'>sunt,</span> <span class='ocrx_word' id='word_1_88' title='bbox 247 1312 316 1351; x_wconf 92' lang='lat' dir='ltr'>cum</span> <span class='ocrx_word' id='word_1_89' title='bbox 333 1292 442 1352; x_wconf 91' lang='lat' dir='ltr'>docere</span> <span class='ocrx_word' id='word_1_90' title='bbox 458 1294 547 1352; x_wconf 88' lang='lat' dir='ltr'>velles</span> <span class='ocrx_word' id='word_1_91' title='bbox 564 1294 637 1353; x_wconf 91' lang='lat' dir='ltr'>deos</span> <span class='ocrx_word' id='word_1_92' title='bbox 658 1312 732 1367; x_wconf 87' lang='lat' dir='ltr'>esse,</span> <span class='ocrx_word' id='word_1_93' title='bbox 747 1311 835 1370; x_wconf 91' lang='lat' dir='ltr'>quare</span> <span class='ocrx_word' id='word_1_94' title='bbox 857 1304 888 1353; x_wconf 88' lang='lat' dir='ltr'>et</span> <span class='ocrx_word' id='word_1_95' title='bbox 908 1294 1042 1355; x_wconf 88' lang='lat' dir='ltr'>muudus</span> <span class='ocrx_word' id='word_1_96' title='bbox 1064 1297 1226 1356; x_wconf 67' lang='lat' dir='ltr'>universus»</span> 
     </span>
     <span class='ocr_line' id='line_1_12' title="bbox 154 1390 1202 1467; baseline 0.007 -19"><span class='ocrx_word' id='word_1_97' title='bbox 154 1400 185 1448; x_wconf 89' lang='lat' dir='ltr'>et</span> <span class='ocrx_word' id='word_1_98' title='bbox 203 1391 248 1448; x_wconf 87' lang='lat' dir='ltr'>sol</span> <span class='ocrx_word' id='word_1_99' title='bbox 268 1400 298 1447; x_wconf 91' lang='lat' dir='ltr'>et</span> <span class='ocrx_word' id='word_1_100' title='bbox 317 1390 387 1448; x_wconf 90' lang='lat' dir='ltr'>luna</span> <span class='ocrx_word' id='word_1_101' title='bbox 404 1401 435 1449; x_wconf 90' lang='lat' dir='ltr'>et</span> <span class='ocrx_word' id='word_1_102' title='bbox 453 1391 552 1449; x_wconf 88' lang='lat' dir='ltr'>stellae</span> <span class='ocrx_word' id='word_1_103' title='bbox 571 1409 690 1449; x_wconf 91' lang='lat' dir='ltr'>sensum</span> <span class='ocrx_word' id='word_1_104' title='bbox 708 1409 744 1449; x_wconf 90' lang='lat' dir='ltr'>ac</span> <span class='ocrx_word' id='word_1_105' title='bbox 763 1401 894 1449; x_wconf 86' lang='lat' dir='ltr'>mentem</span> <span class='ocrx_word' id='word_1_106' title='bbox 912 1391 1070 1467; x_wconf 86' lang='lat' dir='ltr'>baberent,</span> <span class='ocrx_word' id='word_1_107' title='bbox 1085 1394 1117 1453; x_wconf 89' lang='lat' dir='ltr'>in</span> <span class='ocrx_word' id='word_1_108' title='bbox 1134 1393 1202 1457; x_wconf 78' lang='lat' dir='ltr'>iden</span> 
     </span>
     <span class='ocr_line' id='line_1_13' title="bbox 116 1486 1201 1566; baseline 0.007 -24"><span class='ocrx_word' id='word_1_109' title='bbox 116 1500 142 1542; x_wconf 84' lang='lat' dir='ltr'>m</span> <span class='ocrx_word' id='word_1_110' title='bbox 154 1496 270 1562; x_wconf 87' lang='lat' dir='ltr'>tempus</span> <span class='ocrx_word' id='word_1_111' title='bbox 289 1488 453 1547; x_wconf 87' lang='lat' dir='ltr'>reservabo.</span> <span class='ocrx_word' id='word_1_112' title='bbox 494 1490 522 1545; x_wconf 88' lang='lat' dir='ltr'>A</span> <span class='ocrx_word' id='word_1_113' title='bbox 542 1497 571 1546; x_wconf 91' lang='lat' dir='ltr'>te</span> <span class='ocrx_word' id='word_1_114' title='bbox 592 1497 692 1545; x_wconf 91' lang='lat' dir='ltr'>autem</span> <span class='ocrx_word' id='word_1_115' title='bbox 712 1487 794 1546; x_wconf 91' lang='lat' dir='ltr'>idem</span> <span class='ocrx_word' id='word_1_116' title='bbox 813 1486 884 1545; x_wconf 86' lang='lat' dir='ltr'>iilud</span> <span class='ocrx_word' id='word_1_117' title='bbox 898 1489 1107 1566; x_wconf 83' lang='lat' dir='ltr'>etiam-atque</span> <span class='ocrx_word' id='word_1_118' title='bbox 1119 1491 1201 1550; x_wconf 79' lang='lat' dir='ltr'>etiam</span> 
     </span>
     <span class='ocr_line' id='line_1_14' title="bbox 124 1583 1201 1664; baseline 0.003 -21"><span class='ocrx_word' id='word_1_119' title='bbox 124 1589 301 1659; x_wconf 75' lang='lat' dir='ltr'>Squaeram,</span> <span class='ocrx_word' id='word_1_120' title='bbox 323 1584 428 1660; x_wconf 92' lang='lat' dir='ltr'>quibus</span> <span class='ocrx_word' id='word_1_121' title='bbox 451 1585 611 1643; x_wconf 88' lang='lat' dir='ltr'>rationibus</span> <span class='ocrx_word' id='word_1_122' title='bbox 639 1584 690 1642; x_wconf 90' lang='lat' dir='ltr'>tibi</span> <span class='ocrx_word' id='word_1_123' title='bbox 718 1583 901 1659; x_wconf 75' lang='lat' dir='ltr'>persuadeas</span> <span class='ocrx_word' id='word_1_124' title='bbox 917 1584 993 1644; x_wconf 90' lang='lat' dir='ltr'>deos</span> <span class='ocrx_word' id='word_1_125' title='bbox 1017 1603 1094 1646; x_wconf 77' lang='lat' dir='ltr'>esse</span> <span class='ocrx_word' id='word_1_126' title='bbox 1110 1628 1120 1637; x_wconf 82' lang='lat'>-·</span> <span class='ocrx_word' id='word_1_127' title='bbox 1135 1588 1201 1664; x_wconf 74' lang='lat' dir='ltr'>Turn</span> 
     </span>
     <span class='ocr_line' id='line_1_15' title="bbox 155 1680 1200 1756; baseline 0.005 -17"><span class='ocrx_word' id='word_1_128' title='bbox 155 1680 279 1747; x_wconf 86' lang='lat' dir='ltr'>Balbus:</span> <span class='ocrx_word' id='word_1_129' title='bbox 303 1680 451 1756; x_wconf 89' lang='lat' dir='ltr'>Equidem</span> <span class='ocrx_word' id='word_1_130' title='bbox 468 1681 596 1739; x_wconf 89' lang='lat' dir='ltr'>attulisse</span> <span class='ocrx_word' id='word_1_131' title='bbox 614 1681 741 1741; x_wconf 89' lang='lat' dir='ltr'>rationes</span> <span class='ocrx_word' id='word_1_132' title='bbox 759 1680 956 1753; x_wconf 81' lang='lat' dir='ltr'>mibi-videor,</span> <span class='ocrx_word' id='word_1_133' title='bbox 966 1681 1028 1741; x_wconf 88' lang='lat' dir='ltr'>sed</span> <span class='ocrx_word' id='word_1_134' title='bbox 1049 1701 1100 1743; x_wconf 88' lang='lat' dir='ltr'>eas</span> <span class='ocrx_word' id='word_1_135' title='bbox 1121 1694 1152 1743; x_wconf 93' lang='lat' dir='ltr'>tu</span> <span class='ocrx_word' id='word_1_136' title='bbox 1168 1684 1200 1743; x_wconf 79' lang='lat' dir='ltr'>in</span> 
     </span>
     <span class='ocr_line' id='line_1_16' title="bbox 153 1776 1223 1857; baseline 0.007 -23"><span class='ocrx_word' id='word_1_137' title='bbox 153 1777 267 1849; x_wconf 86' lang='lat' dir='ltr'>resellis,</span> <span class='ocrx_word' id='word_1_138' title='bbox 284 1786 326 1848; x_wconf 94' lang='lat' dir='ltr'>ut,</span> <span class='ocrx_word' id='word_1_139' title='bbox 344 1797 414 1836; x_wconf 91' lang='lat' dir='ltr'>cum</span> <span class='ocrx_word' id='word_1_140' title='bbox 434 1796 482 1836; x_wconf 90' lang='lat' dir='ltr'>me</span> <span class='ocrx_word' id='word_1_141' title='bbox 504 1779 729 1853; x_wconf 84' lang='lat' dir='ltr'>interrogaturus</span> <span class='ocrx_word' id='word_1_142' title='bbox 750 1795 814 1836; x_wconf 87' lang='lat' dir='ltr'>esse</span> <span class='ocrx_word' id='word_1_143' title='bbox 830 1776 949 1836; x_wconf 86' lang='lat' dir='ltr'>videare</span> <span class='ocrx_word' id='word_1_144' title='bbox 971 1788 1003 1837; x_wconf 88' lang='lat' dir='ltr'>et</span> <span class='ocrx_word' id='word_1_145' title='bbox 1023 1798 1083 1856; x_wconf 81' lang='lat' dir='ltr'>ego</span> <span class='ocrx_word' id='word_1_146' title='bbox 1104 1799 1152 1857; x_wconf 73' lang='lat' dir='ltr'>me</span> <span class='ocrx_word' id='word_1_147' title='bbox 1169 1778 1223 1855; x_wconf 68' lang='lat' dir='ltr'>adu</span> 
     </span>
     <span class='ocr_line' id='line_1_17' title="bbox 153 1874 1200 1950; baseline 0.006 -19"><span class='ocrx_word' id='word_1_148' title='bbox 153 1874 394 1949; x_wconf 90' lang='lat' dir='ltr'>respondendum</span> <span class='ocrx_word' id='word_1_149' title='bbox 414 1875 617 1950; x_wconf 87' lang='lat' dir='ltr'>compararim,</span> <span class='ocrx_word' id='word_1_150' title='bbox 631 1883 753 1949; x_wconf 89' lang='lat' dir='ltr'>repente</span> <span class='ocrx_word' id='word_1_151' title='bbox 772 1884 884 1933; x_wconf 88' lang='lat' dir='ltr'>avertas</span> <span class='ocrx_word' id='word_1_152' title='bbox 903 1875 1072 1936; x_wconf 88' lang='lat' dir='ltr'>orationem</span> <span class='ocrx_word' id='word_1_153' title='bbox 1087 1876 1200 1937; x_wconf 75' lang='lat' dir='ltr'>necdet</span> 
     </span>
     <span class='ocr_line' id='line_1_18' title="bbox 153 1957 1198 2048; baseline 0.005 -19"><span class='ocrx_word' id='word_1_154' title='bbox 153 1957 354 2046; x_wconf 86' lang='lat' dir='ltr'>respondendi</span> <span class='ocrx_word' id='word_1_155' title='bbox 367 1972 476 2030; x_wconf 93' lang='lat' dir='ltr'>locum.</span> <span class='ocrx_word' id='word_1_156' title='bbox 519 1973 623 2046; x_wconf 90' lang='lat' dir='ltr'>Itaque</span> <span class='ocrx_word' id='word_1_157' title='bbox 640 1971 785 2029; x_wconf 88' lang='lat' dir='ltr'>maximae</span> <span class='ocrx_word' id='word_1_158' title='bbox 801 1989 847 2029; x_wconf 89' lang='lat' dir='ltr'>res</span> <span class='ocrx_word' id='word_1_159' title='bbox 864 1971 972 2030; x_wconf 86' lang='lat' dir='ltr'>tacitae</span> <span class='ocrx_word' id='word_1_160' title='bbox 990 1976 1198 2048; x_wconf 79' lang='lat' dir='ltr'>praeterierunt,</span> 
     </span>
     <span class='ocr_line' id='line_1_19' title="bbox 154 2067 1198 2145; baseline 0.002 -19"><span class='ocrx_word' id='word_1_161' title='bbox 154 2067 192 2126; x_wconf 91' lang='lat' dir='ltr'>de</span> <span class='ocrx_word' id='word_1_162' title='bbox 203 2067 391 2140; x_wconf 85' lang='lat' dir='ltr'>divinatione,</span> <span class='ocrx_word' id='word_1_163' title='bbox 403 2067 441 2126; x_wconf 92' lang='lat' dir='ltr'>de</span> <span class='ocrx_word' id='word_1_164' title='bbox 455 2069 525 2141; x_wconf 81' lang='lat' dir='ltr'>iat0,</span> <span class='ocrx_word' id='word_1_165' title='bbox 536 2069 641 2144; x_wconf 92' lang='lat' dir='ltr'>quibus</span> <span class='ocrx_word' id='word_1_166' title='bbox 657 2067 695 2126; x_wconf 91' lang='lat' dir='ltr'>de</span> <span class='ocrx_word' id='word_1_167' title='bbox 709 2068 929 2143; x_wconf 90' lang='lat' dir='ltr'>quaestionibus</span> <span class='ocrx_word' id='word_1_168' title='bbox 943 2078 977 2128; x_wconf 92' lang='lat' dir='ltr'>tu</span> <span class='ocrx_word' id='word_1_169' title='bbox 990 2070 1115 2145; x_wconf 89' lang='lat' dir='ltr'>quidem</span> <span class='ocrx_word' id='word_1_170' title='bbox 1129 2071 1198 2131; x_wconf 87' lang='lat' dir='ltr'>stric-</span> 
     </span>
     <span class='ocr_line' id='line_1_20' title="bbox 153 2163 1197 2244; baseline 0.006 -21"><span class='ocrx_word' id='word_1_171' title='bbox 153 2165 215 2236; x_wconf 90' lang='lat' dir='ltr'>tim,</span> <span class='ocrx_word' id='word_1_172' title='bbox 230 2165 321 2224; x_wconf 81' lang='lat' dir='ltr'>nostri</span> <span class='ocrx_word' id='word_1_173' title='bbox 334 2174 433 2223; x_wconf 90' lang='lat' dir='ltr'>autem</span> <span class='ocrx_word' id='word_1_174' title='bbox 447 2167 540 2224; x_wconf 91' lang='lat' dir='ltr'>multa</span> <span class='ocrx_word' id='word_1_175' title='bbox 552 2166 647 2225; x_wconf 91' lang='lat' dir='ltr'>solent</span> <span class='ocrx_word' id='word_1_176' title='bbox 660 2165 770 2238; x_wconf 88' lang='lat' dir='ltr'>dicere,</span> <span class='ocrx_word' id='word_1_177' title='bbox 784 2163 839 2224; x_wconf 89' lang='lat' dir='ltr'>sed</span> <span class='ocrx_word' id='word_1_178' title='bbox 853 2165 891 2224; x_wconf 89' lang='lat' dir='ltr'>ab</span> <span class='ocrx_word' id='word_1_179' title='bbox 904 2165 962 2224; x_wconf 89' lang='lat' dir='ltr'>hac</span> <span class='ocrx_word' id='word_1_180' title='bbox 976 2184 1015 2225; x_wconf 89' lang='lat' dir='ltr'>ea</span> <span class='ocrx_word' id='word_1_181' title='bbox 1028 2170 1197 2244; x_wconf 81' lang='lat' dir='ltr'>quaestione,</span> 
     </span>
     <span class='ocr_line' id='line_1_21' title="bbox 153 2261 1223 2338; baseline 0.004 -17"><span class='ocrx_word' id='word_1_182' title='bbox 153 2280 228 2338; x_wconf 88' lang='lat' dir='ltr'>quae</span> <span class='ocrx_word' id='word_1_183' title='bbox 249 2262 381 2321; x_wconf 90' lang='lat' dir='ltr'>nuncin</span> <span class='ocrx_word' id='word_1_184' title='bbox 400 2263 535 2321; x_wconf 86' lang='lat' dir='ltr'>manibus</span> <span class='ocrx_word' id='word_1_185' title='bbox 557 2271 609 2334; x_wconf 91' lang='lat' dir='ltr'>est,</span> <span class='ocrx_word' id='word_1_186' title='bbox 624 2271 802 2338; x_wconf 86' lang='lat' dir='ltr'>separantur.</span> <span class='ocrx_word' id='word_1_187' title='bbox 844 2261 954 2337; x_wconf 88' lang='lat' dir='ltr'>Quare,</span> <span class='ocrx_word' id='word_1_188' title='bbox 968 2263 995 2323; x_wconf 89' lang='lat' dir='ltr'>si</span> <span class='ocrx_word' id='word_1_189' title='bbox 1010 2264 1136 2338; x_wconf 89' lang='lat' dir='ltr'>videtur,</span> <span class='ocrx_word' id='word_1_190' title='bbox 1148 2262 1223 2324; x_wconf 67' lang='lat' dir='ltr'>noi·a</span> 
     </span>
     <span class='ocr_line' id='line_1_22' title="bbox 153 2357 1197 2439; baseline 0.004 -21"><span class='ocrx_word' id='word_1_191' title='bbox 153 2377 240 2436; x_wconf 83' lang='lat' dir='ltr'>agere</span> <span class='ocrx_word' id='word_1_192' title='bbox 259 2359 391 2432; x_wconf 82' lang='lat' dir='ltr'>confuse,</span> <span class='ocrx_word' id='word_1_193' title='bbox 404 2368 437 2417; x_wconf 94' lang='lat' dir='ltr'>ut</span> <span class='ocrx_word' id='word_1_194' title='bbox 455 2359 514 2418; x_wconf 87' lang='lat' dir='ltr'>hoc</span> <span class='ocrx_word' id='word_1_195' title='bbox 533 2359 713 2435; x_wconf 85' lang='lat' dir='ltr'>explicemus</span> <span class='ocrx_word' id='word_1_196' title='bbox 728 2358 784 2417; x_wconf 90' lang='lat' dir='ltr'>hac</span> <span class='ocrx_word' id='word_1_197' title='bbox 799 2357 1008 2436; x_wconf 89' lang='lat' dir='ltr'>disputatione,</span> <span class='ocrx_word' id='word_1_198' title='bbox 1022 2361 1108 2438; x_wconf 88' lang='lat' dir='ltr'>quod</span> <span class='ocrx_word' id='word_1_199' title='bbox 1120 2378 1197 2439; x_wconf 83' lang='lat' dir='ltr'>quae·</span> 
     </span>
     <span class='ocr_line' id='line_1_23' title="bbox 152 2457 488 2524; baseline 0 -10"><span class='ocrx_word' id='word_1_200' title='bbox 152 2457 232 2515; x_wconf 89' lang='lat' dir='ltr'>ritur.</span> <span class='ocrx_word' id='word_1_201' title='bbox 487 2520 488 2524; x_wconf 44' lang='lat'>,</span> 
     </span>
     <span class='ocr_line' id='line_1_24' title="bbox 113 2552 1199 2633; baseline -0.002 -19"><span class='ocrx_word' id='word_1_202' title='bbox 113 2573 141 2614; x_wconf 78' lang='lat' dir='ltr'>aa</span> <span class='ocrx_word' id='word_1_203' title='bbox 193 2553 324 2630; x_wconf 89' lang='lat' dir='ltr'>Optime,</span> <span class='ocrx_word' id='word_1_204' title='bbox 345 2552 439 2630; x_wconf 91' lang='lat' dir='ltr'>inquit</span> <span class='ocrx_word' id='word_1_205' title='bbox 462 2553 560 2613; x_wconf 88' lang='lat' dir='ltr'>Cotta</span> <span class='ocrx_word' id='word_1_206' title='bbox 602 2554 707 2628; x_wconf 87' lang='lat' dir='ltr'>Itaque</span> <span class='ocrx_word' id='word_1_207' title='bbox 728 2553 868 2629; x_wconf 89' lang='lat' dir='ltr'>quoniam</span> <span class='ocrx_word' id='word_1_208' title='bbox 888 2561 1028 2628; x_wconf 89' lang='lat' dir='ltr'>quattuor</span> <span class='ocrx_word' id='word_1_209' title='bbox 1055 2554 1087 2615; x_wconf 93' lang='lat' dir='ltr'>in</span> <span class='ocrx_word' id='word_1_210' title='bbox 1112 2563 1199 2633; x_wconf 81' lang='lat' dir='ltr'>parter</span> 
     </span>
     <span class='ocr_line' id='line_1_25' title="bbox 152 2647 1198 2725; baseline 0.001 -17"><span class='ocrx_word' id='word_1_211' title='bbox 152 2657 245 2708; x_wconf 86' lang='lat' dir='ltr'>totam</span> <span class='ocrx_word' id='word_1_212' title='bbox 258 2650 461 2724; x_wconf 83' lang='lat' dir='ltr'>quaestionem</span> <span class='ocrx_word' id='word_1_213' title='bbox 475 2647 596 2708; x_wconf 87' lang='lat' dir='ltr'>divisisti</span> <span class='ocrx_word' id='word_1_214' title='bbox 610 2648 649 2708; x_wconf 89' lang='lat' dir='ltr'>de</span> <span class='ocrx_word' id='word_1_215' title='bbox 667 2650 820 2725; x_wconf 90' lang='lat' dir='ltr'>primaque</span> <span class='ocrx_word' id='word_1_216' title='bbox 834 2647 971 2723; x_wconf 86' lang='lat' dir='ltr'>diximus,</span> <span class='ocrx_word' id='word_1_217' title='bbox 986 2651 1198 2711; x_wconf 79' lang='lat' dir='ltr'>consideremus</span> 
     </span>
     <span class='ocr_line' id='line_1_26' title="bbox 153 2744 1224 2821; baseline 0.005 -17"><span class='ocrx_word' id='word_1_218' title='bbox 153 2744 333 2818; x_wconf 66' lang='lat' dir='ltr'>secundam</span> <span class='ocrx_word' id='word_1_219' title='bbox 355 2745 526 2821; x_wconf 80' lang='lat' dir='ltr'>quaemihi</span> <span class='ocrx_word' id='word_1_220' title='bbox 549 2745 614 2803; x_wconf 89' lang='lat' dir='ltr'>talis</span> <span class='ocrx_word' id='word_1_221' title='bbox 636 2744 751 2804; x_wconf 90' lang='lat' dir='ltr'>videtur</span> <span class='ocrx_word' id='word_1_222' title='bbox 773 2745 870 2818; x_wconf 84' lang='lat' dir='ltr'>fuisse,</span> <span class='ocrx_word' id='word_1_223' title='bbox 892 2755 933 2818; x_wconf 92' lang='lat' dir='ltr'>ut,</span> <span class='ocrx_word' id='word_1_224' title='bbox 955 2763 1032 2813; x_wconf 86' lang='lat' dir='ltr'>cum¹</span> <span class='ocrx_word' id='word_1_225' title='bbox 1052 2747 1224 2809; x_wconf 76' lang='lat' dir='ltr'>ostenderes</span> 
     </span>
     <span class='ocr_line' id='line_1_27' title="bbox 152 2840 1199 2919; baseline 0 -20"><span class='ocrx_word' id='word_1_226' title='bbox 152 2840 250 2913; x_wconf 88' lang='lat' dir='ltr'>velles,</span> <span class='ocrx_word' id='word_1_227' title='bbox 261 2842 361 2916; x_wconf 87' lang='lat' dir='ltr'>quales</span> <span class='ocrx_word' id='word_1_228' title='bbox 375 2842 406 2900; x_wconf 94' lang='lat' dir='ltr'>di</span> <span class='ocrx_word' id='word_1_229' title='bbox 420 2851 527 2914; x_wconf 89' lang='lat' dir='ltr'>essent,</span> <span class='ocrx_word' id='word_1_230' title='bbox 541 2841 711 2900; x_wconf 89' lang='lat' dir='ltr'>ostenderes</span> <span class='ocrx_word' id='word_1_231' title='bbox 724 2842 820 2900; x_wconf 90' lang='lat' dir='ltr'>nullos</span> <span class='ocrx_word' id='word_1_232' title='bbox 834 2860 908 2901; x_wconf 90' lang='lat' dir='ltr'>esse.</span> <span class='ocrx_word' id='word_1_233' title='bbox 950 2844 978 2899; x_wconf 92' lang='lat' dir='ltr'>A</span> <span class='ocrx_word' id='word_1_234' title='bbox 991 2844 1199 2919; x_wconf 85' lang='lat' dir='ltr'>consuetudine</span> 
     </span>
     <span class='ocr_line' id='line_1_28' title="bbox 153 2936 1198 3015; baseline 0.004 -20"><span class='ocrx_word' id='word_1_235' title='bbox 153 2938 233 2996; x_wconf 89' lang='lat' dir='ltr'>enim</span> <span class='ocrx_word' id='word_1_236' title='bbox 260 2939 413 2997; x_wconf 88' lang='lat' dir='ltr'>oculorum</span> <span class='ocrx_word' id='word_1_237' title='bbox 440 2939 571 2996; x_wconf 90' lang='lat' dir='ltr'>animum</span> <span class='ocrx_word' id='word_1_238' title='bbox 596 2937 745 2996; x_wconf 89' lang='lat' dir='ltr'>abducere</span> <span class='ocrx_word' id='word_1_239' title='bbox 767 2936 970 2996; x_wconf 84' lang='lat' dir='ltr'>difficillimum</span> <span class='ocrx_word' id='word_1_240' title='bbox 991 2938 1132 3015; x_wconf 75' lang='lat' dir='ltr'>dicebas,-</span> <span class='ocrx_word' id='word_1_241' title='bbox 1144 2937 1198 3009; x_wconf 83' lang='lat' dir='ltr'>sed,</span> 
     </span>
     <span class='ocr_line' id='line_1_29' title="bbox 153 3033 1200 3114; baseline 0.006 -23"><span class='ocrx_word' id='word_1_242' title='bbox 153 3052 222 3105; x_wconf 84' lang='lat' dir='ltr'>cum</span> <span class='ocrx_word' id='word_1_243' title='bbox 240 3033 299 3094; x_wconf 88' lang='lat' dir='ltr'>deo</span> <span class='ocrx_word' id='word_1_244' title='bbox 318 3034 391 3092; x_wconf 91' lang='lat' dir='ltr'>nihil</span> <span class='ocrx_word' id='word_1_245' title='bbox 410 3035 602 3110; x_wconf 87' lang='lat' dir='ltr'>praestantius</span> <span class='ocrx_word' id='word_1_246' title='bbox 623 3044 709 3108; x_wconf 90' lang='lat' dir='ltr'>esset,</span> <span class='ocrx_word' id='word_1_247' title='bbox 728 3053 790 3093; x_wconf 93' lang='lat' dir='ltr'>non</span> <span class='ocrx_word' id='word_1_248' title='bbox 809 3033 972 3109; x_wconf 83' lang='lat' dir='ltr'>dubitabas,</span> <span class='ocrx_word' id='word_1_249' title='bbox 983 3037 1061 3113; x_wconf 84' lang='lat' dir='ltr'>quin</span> <span class='ocrx_word' id='word_1_250' title='bbox 1081 3035 1200 3114; x_wconf 72' lang='lat' dir='ltr'>muudus</span> 
     </span>
     <span class='ocr_line' id='line_1_30' title="bbox 153 3129 1206 3213; baseline 0.004 -24"><span class='ocrx_word' id='word_1_251' title='bbox 153 3141 234 3189; x_wconf 87' lang='lat' dir='ltr'>esset</span> <span class='ocrx_word' id='word_1_252' title='bbox 241 3129 324 3205; x_wconf 86' lang='lat' dir='ltr'>deus,</span> <span class='ocrx_word' id='word_1_253' title='bbox 336 3148 396 3206; x_wconf 87' lang='lat' dir='ltr'>quo</span> <span class='ocrx_word' id='word_1_254' title='bbox 406 3130 478 3189; x_wconf 92' lang='lat' dir='ltr'>nihil</span> <span class='ocrx_word' id='word_1_255' title='bbox 491 3131 522 3189; x_wconf 91' lang='lat' dir='ltr'>in</span> <span class='ocrx_word' id='word_1_256' title='bbox 535 3150 632 3206; x_wconf 84' lang='lat' dir='ltr'>rerum</span> <span class='ocrx_word' id='word_1_257' title='bbox 645 3140 749 3190; x_wconf 89' lang='lat' dir='ltr'>natura</span> <span class='ocrx_word' id='word_1_258' title='bbox 762 3131 865 3190; x_wconf 88' lang='lat' dir='ltr'>melius</span> <span class='ocrx_word' id='word_1_259' title='bbox 876 3140 963 3191; x_wconf 81' lang='lat' dir='ltr'>esset</span> <span class='ocrx_word' id='word_1_260' title='bbox 998 3132 1099 3193; x_wconf 90' lang='lat' dir='ltr'>Modo</span> <span class='ocrx_word' id='word_1_261' title='bbox 1108 3148 1206 3213; x_wconf 80' lang='lat' dir='ltr'>posse</span> 
     </span>
     <span class='ocr_line' id='line_1_31' title="bbox 34 3228 1225 3305; baseline 0.004 -19"><span class='ocrx_word' id='word_1_262' title='bbox 34 3286 39 3297; x_wconf 82' lang='grc'><em>,</em></span> <span class='ocrx_word' id='word_1_263' title='bbox 152 3244 308 3300; x_wconf 84' lang='lat' dir='ltr'>museum</span> <span class='ocrx_word' id='word_1_264' title='bbox 328 3228 507 3286; x_wconf 85' lang='lat' dir='ltr'>animantem</span> <span class='ocrx_word' id='word_1_265' title='bbox 527 3228 655 3303; x_wconf 79' lang='lat' dir='ltr'>cogitare</span> <span class='ocrx_word' id='word_1_266' title='bbox 676 3228 724 3286; x_wconf 91' lang='lat' dir='ltr'>vel</span> <span class='ocrx_word' id='word_1_267' title='bbox 743 3229 849 3305; x_wconf 87' lang='lat' dir='ltr'>potius,</span> <span class='ocrx_word' id='word_1_268' title='bbox 869 3237 902 3286; x_wconf 94' lang='lat' dir='ltr'>ut</span> <span class='ocrx_word' id='word_1_269' title='bbox 922 3238 1022 3286; x_wconf 87' lang='lat' dir='ltr'>cetera</span> <span class='ocrx_word' id='word_1_270' title='bbox 1042 3229 1225 3304; x_wconf 78' lang='lat' dir='ltr'>oculis,.sica</span> 
     </span>
     <span class='ocr_line' id='line_1_32' title="bbox 114 3323 1198 3405; baseline 0.003 -21"><span class='ocrx_word' id='word_1_271' title='bbox 114 3340 139 3384; x_wconf 85' lang='lat' dir='ltr'>n</span> <span class='ocrx_word' id='word_1_272' title='bbox 152 3323 261 3399; x_wconf 83' lang='lat' dir='ltr'>auimo-</span> <span class='ocrx_word' id='word_1_273' title='bbox 273 3324 331 3384; x_wconf 87' lang='lat' dir='ltr'>boc</span> <span class='ocrx_word' id='word_1_274' title='bbox 342 3328 497 3400; x_wconf 74' lang='lat' dir='ltr'>¹cerneret</span> <span class='ocrx_word' id='word_1_275' title='bbox 532 3323 591 3384; x_wconf 88' lang='lat' dir='ltr'>Sed</span> <span class='ocrx_word' id='word_1_276' title='bbox 615 3342 696 3383; x_wconf 81' lang='lat' dir='ltr'>cum·</span> <span class='ocrx_word' id='word_1_277' title='bbox 708 3324 830 3384; x_wconf 88' lang='lat' dir='ltr'>mundo</span> <span class='ocrx_word' id='word_1_278' title='bbox 846 3343 937 3401; x_wconf 86' lang='lat' dir='ltr'>negas</span> <span class='ocrx_word' id='word_1_279' title='bbox 957 3327 1119 3403; x_wconf 88' lang='lat' dir='ltr'>quicquam</span> <span class='ocrx_word' id='word_1_280' title='bbox 1137 3341 1198 3405; x_wconf 77' lang='lat' dir='ltr'>esse</span> 
     </span>
     <span class='ocr_line' id='line_1_33' title="bbox 152 3419 1199 3501; baseline 0 -23"><span class='ocrx_word' id='word_1_281' title='bbox 152 3420 265 3495; x_wconf 69' lang='lat' dir='ltr'>meiius,</span> <span class='ocrx_word' id='word_1_282' title='bbox 276 3421 349 3497; x_wconf 89' lang='lat' dir='ltr'>quid</span> <span class='ocrx_word' id='word_1_283' title='bbox 357 3421 443 3495; x_wconf 85' lang='lat' dir='ltr'>diois·</span> <span class='ocrx_word' id='word_1_284' title='bbox 451 3422 575 3481; x_wconf 85' lang='lat' dir='ltr'>melius?</span> <span class='ocrx_word' id='word_1_285' title='bbox 615 3421 815 3496; x_wconf 77' lang='lat' dir='ltr'>Sipulclrrius,</span> <span class='ocrx_word' id='word_1_286' title='bbox 830 3421 998 3494; x_wconf 77' lang='lat' dir='ltr'>adsentior.,·</span> <span class='ocrx_word' id='word_1_287' title='bbox 1019 3424 1045 3481; x_wconf 91' lang='lat' dir='ltr'>si</span> <span class='ocrx_word' id='word_1_288' title='bbox 1058 3425 1154 3501; x_wconf 81' lang='lat' dir='ltr'>aptius</span> <span class='ocrx_word' id='word_1_289' title='bbox 1166 3419 1199 3501; x_wconf 82' lang='lat' dir='ltr'>ad</span> 
     </span>
     <span class='ocr_line' id='line_1_34' title="bbox 152 3516 1200 3600; baseline 0.003 -24"><span class='ocrx_word' id='word_1_290' title='bbox 152 3518 289 3583; x_wconf 76' lang='lat' dir='ltr'>utilitates</span> <span class='ocrx_word' id='word_1_291' title='bbox 296 3528 424 3594; x_wconf 83' lang='lat' dir='ltr'>nostras,</span> <span class='ocrx_word' id='word_1_292' title='bbox 438 3518 469 3577; x_wconf 93' lang='lat' dir='ltr'>id</span> <span class='ocrx_word' id='word_1_293' title='bbox 481 3536 602 3593; x_wconf 89' lang='lat' dir='ltr'>quoque</span> <span class='ocrx_word' id='word_1_294' title='bbox 617 3517 784 3590; x_wconf 76' lang='lat' dir='ltr'>adsentior,</span> <span class='ocrx_word' id='word_1_295' title='bbox 805 3519 850 3576; x_wconf 90' lang='lat' dir='ltr'>sin</span> <span class='ocrx_word' id='word_1_296' title='bbox 870 3529 969 3576; x_wconf 88' lang='lat' dir='ltr'>autem</span> <span class='ocrx_word' id='word_1_297' title='bbox 987 3518 1019 3577; x_wconf 92' lang='lat' dir='ltr'>id</span> <span class='ocrx_word' id='word_1_298' title='bbox 1032 3519 1122 3600; x_wconf 74' lang='lat' dir='ltr'>dicis,</span> <span class='ocrx_word' id='word_1_299' title='bbox 1135 3516 1200 3579; x_wconf 86' lang='lat' dir='ltr'>nihil</span> 
     </span>
     <span class='ocr_line' id='line_1_35' title="bbox 152 3612 1199 3696; baseline 0.003 -24"><span class='ocrx_word' id='word_1_300' title='bbox 152 3632 217 3692; x_wconf 80' lang='lat' dir='ltr'>esse</span> <span class='ocrx_word' id='word_1_301' title='bbox 231 3613 344 3691; x_wconf 83' lang='lat' dir='ltr'>mundo</span> <span class='ocrx_word' id='word_1_302' title='bbox 357 3614 526 3690; x_wconf 71' lang='lat' dir='ltr'>sapientias,-</span> <span class='ocrx_word' id='word_1_303' title='bbox 540 3613 730 3691; x_wconf 73' lang='lat' dir='ltr'>nullomodo</span> <span class='ocrx_word' id='word_1_304' title='bbox 741 3632 858 3692; x_wconf 88' lang='lat' dir='ltr'>prorsus</span> <span class='ocrx_word' id='word_1_305' title='bbox 874 3612 1199 3696; x_wconf 54' lang='lat' dir='ltr'>adsertionnonqunt</span> 
     </span>
     <span class='ocr_line' id='line_1_36' title="bbox 151 3709 1226 3795; baseline 0.008 -12"><span class='ocrx_word' id='word_1_306' title='bbox 151 3709 478 3789; x_wconf 70' lang='lat' dir='ltr'>difficilesnmeatem</span> <span class='ocrx_word' id='word_1_307' title='bbox 492 3711 642 3785; x_wconf 65' lang='lat' dir='ltr'>,abacistis</span> <span class='ocrx_word' id='word_1_308' title='bbox 653 3730 808 3789; x_wconf 58' lang='lat' dir='ltr'>sevocare,</span> <span class='ocrx_word' id='word_1_309' title='bbox 822 3710 955 3791; x_wconf 71' lang='lat' dir='ltr'>sedqua.</span> <span class='ocrx_word' id='word_1_310' title='bbox 972 3711 1067 3791; x_wconf 56' lang='lat' dir='ltr'>³¹²8ss</span> <span class='ocrx_word' id='word_1_311' title='bbox 1086 3727 1226 3795; x_wconf 56' lang='lat' dir='ltr'>{evm</span> 
     </span>
    </p>
   </div>
   <div class='ocr_carea' id='block_1_3' title="bbox 0 0 1256 4170">
    <p class='ocr_par' dir='ltr' id='par_1_3' title="bbox 0 0 1256 4170">
     <span class='ocr_line' id='line_1_37' title="bbox 0 0 1256 4170; baseline 0 2"><span class='ocrx_word' id='word_1_312' title='bbox 0 0 1256 4170; x_wconf 95' lang='lat' dir='ltr'> </span> 
     </span>
    </p>
   </div>
  </div>
 </body>
</html>
