2504 4170
352 275 418 327 LIB.
430 274 479 325 111.
512 274 573 325 Car.
585 274 740 325 xx-xxn.
776 275 807 339 §5
820 287 910 341 51-57·
1095 279 1129 343 15
1135 281 1152 343 3

82 427 235 504 quissimo
258 437 290 488 et
313 428 489 505 Proserpina
508 429 577 500 nati,
591 428 800 503 Tritopatreus,
818 429 976 501 Eubuleus,
997 430 1153 506 Dionysus,

83 526 217 585 secundi
234 527 309 584 Iove
324 527 410 585 tertio
425 527 484 584 nati
499 535 528 583 et
541 525 630 596 Leda,
644 526 748 584 Castor
763 537 792 583 et
805 527 914 597 Pollux,
928 529 1002 585 tertii
1018 528 1155 587 dicuntur

86 641 185 681 anon
199 624 290 682 nullis
306 623 382 681 Alco
397 633 426 682 et
441 623 606 698 Melampus
622 632 652 681 et
665 624 692 680 T
693 623 796 693 molus,
812 625 891 681 Atrei
906 625 964 696 tilii,
980 626 1030 700 qui
1046 627 1153 701 Pelope

85 730 178 778 natus
193 721 257 778 fuit.
293 721 359 778 Iam
374 721 478 779 Musae
493 721 602 796 primae
618 731 754 795 quattuor
771 723 840 779 love
855 724 944 779 altero
959 734 1053 792 natae,
1065 725 1151 782 'shel-
1165 733 1191 776 st

60 838 68 879 r
87 817 192 888 xinoii‚
208 816 326 888 Aoede,
341 818 447 888 Arche,
463 818 581 887 Melete,
597 817 746 875 secundae
768 819 838 875 Iove
860 820 944 876 tertio
966 830 995 877 et
1018 822 1152 878 Mnemo-

88 931 164 989 syne
192 924 365 989 procreatae
390 932 506 984 novem,
528 914 627 971 tertiae
655 915 739 971 Piero
762 925 847 971 natae
871 926 900 973 et
923 917 1058 990 Antiopa,
1080 936 1152 991 quas

91 1009 227 1069 Pieridas
252 1019 282 1069 et
306 1010 413 1069 Pierias
438 1012 531 1068 solent
555 1011 660 1085 poetae
687 1011 842 1085 appellare,
867 1011 960 1068 isdem
985 1015 1152 1071 nominibus

91 1116 123 1166 et
145 1106 256 1166 eodem
277 1125 412 1178 numero,
426 1125 487 1183 quo
505 1108 656 1183 proximae
676 1109 847 1182 superiores.
890 1109 1025 1183 Cumque
1048 1120 1078 1167 tu
1100 1112 1151 1169 So·

91 1203 163 1275 lem,
186 1205 254 1279 quia
274 1204 356 1263 solus
377 1214 462 1275 esset,
484 1204 661 1279 appellatum
684 1222 746 1261 esse
772 1204 862 1273 dicas,
885 1205 966 1264 Soles
988 1207 1041 1280 ipsi
1063 1225 1151 1280 quam

60 1325 81 1355 ιο
92 1301 178 1359 multi
198 1318 216 1358 a
233 1300 380 1376 theologis
399 1301 602 1376 proterunturl
646 1301 730 1360 Unus
746 1319 847 1359 eorum
865 1303 933 1359 love
949 1312 1042 1373 natus,
1058 1322 1151 1378 nepos

92 1398 238 1468 Aetheris,
250 1398 324 1456 alter
340 1399 521 1474 Hyperione,
533 1398 632 1455 tertius
644 1398 785 1468 Volcano,
798 1398 857 1455 Nili
872 1398 940 1468 silio,
953 1400 1034 1456 cuius
1049 1401 1150 1458 urbem

93 1496 230 1570 Aegyptii
244 1496 348 1553 volunt
362 1513 425 1552 esse
441 1513 515 1566 eam,
531 1513 605 1569 quae
624 1495 788 1568 Heliopolis
803 1496 972 1569 appellatur,
985 1508 1102 1570 quartus
1117 1499 1150 1569 is,

94 1609 185 1667 quem
201 1592 327 1650 heroicis
342 1592 521 1666 temporibus
537 1591 672 1649 Acantho
687 1590 786 1648 Rhodi
802 1592 949 1667 peperisse
965 1592 1079 1664 dicitnr,
1096 1639 1102 1652 .
1119 1639 1125 1652 .
1143 1639 1150 1653 .

95 1688 191 1764 Ialysi,
207 1688 328 1757 Camiri,
345 1687 440 1759 Lindi,
457 1687 565 1758 Rhodi,
581 1688 707 1762 quintus,
723 1688 772 1762 qui
788 1688 907 1746 Colchis
927 1689 1014 1746 fertur
1028 1692 1150 1748 Aeetam

59 1808 82 1848 o
94 1795 125 1844 et
140 1786 257 1844 Circam
272 1784 481 1860 procreavisse.
522 1784 647 1842 Volcani
662 1785 731 1841 item
746 1785 920 1860 complures,
936 1787 1044 1860 primus
1059 1788 1149 1845 Caelo

94 1893 188 1955 natus,
203 1900 240 1941 ex
262 1900 325 1957 quo
345 1891 375 1938 et
390 1882 525 1940 Minerva
540 1881 706 1957 Apollinem
722 1899 799 1952 eum,
815 1883 898 1939 cuius
917 1883 945 1939 in
961 1883 1050 1940 tutela
1063 1884 1151 1942 Athe·

94 1997 147 2037 nas
162 1979 273 2055 antiqui
289 1978 418 2036 historici
434 1996 496 2036 esse
509 1978 671 2048 voluerunt,
682 1977 829 2035 secundus
842 1979 910 2036 Nilo
925 1990 1017 2049 natus,
1032 1980 1148 2052 Phthas,

95 2086 127 2134 ut
151 2076 287 2152 Aegyptii
317 2075 474 2150 appellant,
499 2093 588 2150 quem
617 2074 772 2132 custodem
801 2094 865 2132 esse
891 2077 1015 2151 Aegypti
1039 2077 1148 2148 volunt,

94 2173 194 2231 tertius
218 2191 256 2231 ex
280 2172 367 2230 tertio
389 2172 460 2230 Iove
486 2181 515 2229 et
537 2173 661 2242 Iunone,
683 2172 734 2246 qui
752 2172 857 2228 Lemni
882 2172 1005 2229 fabricae
1030 2173 1150 2231 traditur

60 2271 262 2347 n‘praesuisse,
286 2278 406 2344 quartus
431 2270 573 2327 Memalio
598 2279 692 2338 natus,
716 2268 766 2342 qui
789 2269 881 2325 tenuit
906 2269 1011 2325 insulas
1033 2281 1150 2345 propter

96 2367 230 2438 Siciliam,
245 2383 323 2442 quae
338 2365 497 2423 Volcaniae
512 2366 747 2423 nominabantur.
791 2364 952 2422 Mercurius
968 2383 1041 2422 unus
1057 2367 1148 2425 Caelo
1161 2384 1187 2424 aa

95 2474 185 2540 patre,
202 2464 260 2522 Die
276 2473 367 2520 matre
382 2472 475 2532 natus,
490 2463 574 2519 cuius
589 2461 745 2520 obscenius
760 2462 884 2518 excitata
898 2472 1001 2518 natura
1020 2463 1148 2534 traditur,

96 2560 175 2636 quod
197 2569 320 2635 aspectu
336 2559 525 2634 Proserpinae
540 2569 707 2615 commotus
722 2558 767 2625 sit,
783 2558 854 2614 alter
868 2558 998 2615 Valentis
1013 2570 1042 2615 et
1057 2561 1148 2618 Coro-

96 2656 170 2715 nidis
192 2657 277 2728 srlius,
293 2655 316 2714 is
336 2655 387 2731 qui
409 2656 462 2714 sub
484 2656 566 2713 terris
587 2654 710 2712 habetur
730 2653 810 2711 idem
831 2654 1027 2729 Trophonius,
1050 2658 1148 2714 tertius

64 2753 166 2815 ulove
191 2752 278 2812 tertio
302 2761 386 2809 natus
412 2762 441 2810 et
464 2753 553 2823 Maia,
579 2770 617 2808 ex
639 2769 699 2825 quo
723 2761 753 2807 et
776 2751 923 2824 Penelopa
947 2753 1025 2808 Pana
1047 2764 1147 2810 natum

95 2850 199 2922 lerunt,
220 2858 340 2926 quartus
362 2848 430 2906 Nilo
452 2859 543 2924 patre,
561 2866 651 2922 quem
665 2848 801 2923 Aegyptii
822 2848 902 2904 nesas
924 2847 1033 2905 habent
1054 2851 1146 2907 nomi·

95 2964 171 3020 nare,
205 2946 333 3023 quintus,
365 2964 453 3020 quem
485 2946 585 3003 colunt
617 2945 792 3015 Pheneatae,
821 2944 872 3018 qui
903 2947 1012 3019 Argum
1043 2945 1148 3003 dicitur

95 3043 275 3102 interemisse
304 3042 344 3101 ob
373 3060 497 3117 eamque
530 3061 649 3099 causam
678 3045 843 3116 Aegyptum
871 3041 1031 3116 profugisse
1059 3052 1146 3116 atque

95 3140 244 3216 Aegyptiis
265 3138 345 3215 leges
366 3149 396 3197 et
419 3139 526 3196 litteras
551 3137 713 3196 tradidisse.
758 3139 848 3195 Hunc
872 3138 1006 3212 Aegyptii
1029 3139 1146 3195 'l‘heuth

64 3235 251 3313 mappellant,
276 3234 443 3309 eodemque
472 3235 591 3293 nomine
619 3234 687 3291 anni
716 3235 824 3310 primus
853 3235 960 3291 mensis
988 3234 1067 3308 apud
1096 3252 1146 3292 eos

93 3342 222 3392 vocatur.
252 3331 493 3407 Aesculapiorum
507 3331 617 3406 primus
628 3331 778 3404 ApolliniS,
792 3349 880 3404 quem
892 3331 1021 3388 Arcades
1037 3332 1145 3400 colunt,
1159 3349 1184 3392 at

94 3430 143 3505 qui
166 3428 321 3505 specillum
346 3428 490 3485 invenisse
516 3428 683 3502 primusque
708 3427 811 3484 volnus
837 3427 942 3484 dicitur
964 3427 1145 3501 obligavisse,

95 3526 240 3585 secundus
262 3525 385 3583 secundi
406 3526 542 3583 Mercurii
558 3526 643 3581 srater
655 3544 661 3594 3
685 3525 707 3580 is
725 3524 843 3581 fulmine
866 3543 1018 3598 percussus
1041 3524 1146 3581 dicitur

94 3620 229 3683 humatus
243 3640 307 3681 esse
323 3623 499 3698 Cynosuris;
522 3621 621 3678 tertius
637 3620 751 3694 Arsippi
767 3630 795 3677 et
811 3621 961 3691 Arsinoae,
973 3621 1022 3693 qui
1037 3621 1145 3695 primus

63 3719 296 3796 upurgationem
316 3718 372 3777 alvi
390 3717 546 3793 dentisque
561 3716 750 3788 evolsionem,
765 3726 796 3773 ut
810 3717 914 3788 ferunt,
929 3715 1048 3789 invenit,
1063 3717 1145 3775 cuius

1156 1759 1194 1867 ἓξ
