2498 4170
113 277 156 346 52
438 278 489 329 un
509 278 655 329 uarum
678 279 837 328 nuouuu.

112 433 175 492 aliis
198 430 381 492 cadentibus.
423 434 470 490 An
494 432 524 489 in
551 431 709 490 individuis
732 431 910 506 corpusculis
934 440 995 489 tam
1019 429 1171 506 praeclara

109 547 205 606 ¹opera
222 530 301 587 nulla
321 527 493 588 moderante
514 539 624 598 natura,
639 529 718 585 nulla
738 529 850 586 ratione
871 528 1068 603 fingentibus?
1108 527 1170 586 Sed

113 628 220 686 oblitus
238 626 413 686 liberalitatis
434 644 528 696 meae,
543 644 602 700 qua
621 635 720 683 tecum
741 626 829 699 paulo
850 634 917 682 ante
939 625 979 681 uti
999 642 1169 698 coeperam,

113 727 196 801 plura
223 726 413 800 complector.
466 722 640 783 Concedam
667 724 753 798 igitur
780 742 817 780 ex
844 723 1001 781 individuis
1031 733 1169 780 constare

77 824 222 881 usomnia.
264 821 345 896 Quid
366 820 404 879 ad
425 822 509 879 rem?
535 819 659 881 deorum
681 820 759 877 enirn
783 831 885 878 natura
907 820 1060 893 quaeritur.
1104 820 1198 878 Sints

114 937 184 977 sane
199 937 236 977 ex
249 919 373 989 atomis3
394 935 455 975 non
476 917 561 992 igitur
575 916 694 974 aeterni.
737 915 828 990 Quod
849 917 927 973 enim
950 934 986 972 ex
1006 917 1121 986 atomis,
1138 915 1170 973 id

113 1025 215 1073 natum
229 1014 386 1089 aliquando
401 1024 445 1072 est
454 1034 463 1087 ;
485 1015 509 1072 si
523 1022 633 1084 natum,
648 1012 717 1070 nulli
732 1013 780 1070 dei
799 1023 866 1070 ante
881 1031 970 1087 quarn
991 1013 1070 1084 nati,
1093 1021 1123 1069 et
1145 1014 1170 1070 si

114 1124 194 1172 ortus
208 1123 252 1171 est
266 1111 399 1182 deorum,
413 1111 544 1170 interitus
564 1110 601 1168 sit
620 1128 743 1168 necesse
764 1120 816 1179 est,
832 1121 864 1167 ut
883 1119 915 1167 tu
936 1109 1024 1184 paulo
1045 1119 1112 1166 aute
1129 1109 1170 1168 de

116 1210 243 1268 Platonis
257 1208 369 1267 mundo
383 1203 561 1283 disputabas.
577 1262 579 1267 ,
604 1207 665 1267 Ubi
679 1207 764 1281 igitur
777 1205 848 1265 illud
863 1216 989 1265 vestrum
1004 1205 1125 1264 beatum
1140 1217 1171 1264 et

114 1308 286 1364 aeternum?
306 1306 411 1381 quibus
431 1304 546 1363 duobus
559 1304 654 1362 verbis
675 1303 843 1378 significatis
864 1302 954 1361 deum
965 1323 973 1375 ;
995 1302 1077 1378 quod
1099 1322 1171 1361 curn
1184 1319 1205 1347 1⁰

115 1403 231 1461 efficere
254 1403 348 1473 vultis,
372 1402 403 1460 in
425 1401 546 1460 dumeta
568 1400 736 1475 conrepitis.
779 1401 825 1458 Ita
849 1401 928 1458 enim
952 1398 1089 1471 dicebas,
1107 1418 1171 1458 non

115 1517 221 1574 corpus
236 1517 299 1557 esse
317 1500 346 1556 in
361 1498 428 1570 deo,
443 1498 496 1556 sed
511 1498 593 1573 quasi
614 1515 731 1572 corpus,
746 1514 802 1554 nec
823 1497 1004 1571 sanguinem,
1019 1495 1073 1554 sed
1094 1506 1170 1555 tam·

115 1612 204 1671 quam
217 1597 397 1671 sanguinem.

72 1672 109 1779 ἓξ
157 1694 228 1751 Hoc
248 1710 389 1767 persaepe
410 1692 512 1762 facitis,
526 1701 567 1763 ut,
582 1709 649 1751 cum
672 1689 781 1766 aliquid
801 1708 862 1748 non
876 1690 936 1747 veri
956 1689 1048 1748 simile
1063 1689 1171 1751 dicatis

115 1799 146 1848 et
166 1788 291 1864 effugere
312 1789 569 1864 reprehensionem
588 1788 690 1858 velitis,
711 1787 846 1846 adferatis
867 1785 986 1861 aliquid,
1000 1786 1083 1860 quod
1104 1807 1205 1860 om·15

115 1888 185 1944 uino
200 1904 237 1944 ne
251 1886 313 1944 fieri
327 1884 447 1961 quidem
461 1885 561 1960 possit,
576 1894 608 1941 ut
628 1885 717 1943 satius
737 1885 822 1943 suerit
843 1882 913 1941 illud
934 1884 1038 1958 ipsum,
1054 1884 1093 1942 de
1108 1903 1170 1960 quo

115 1984 324 2059 ambigebatur,
339 1981 504 2040 concedere
518 1999 607 2056 quam
622 1991 681 2038 tam
699 1980 876 2056 inpudenter
895 1981 1038 2038 resistere.
1080 1982 1172 2041 Velut

117 2081 261 2155 Epicurus
282 2098 350 2138 cum
364 2078 485 2149 videret,
507 2079 531 2135 si
551 2079 642 2136 atomi
663 2079 803 2136 ferrentur
827 2078 856 2136 in
879 2079 978 2136 locum
1001 2078 1171 2139 inferiorem

116 2188 220 2253 suopte
234 2176 376 2253 pondere,
391 2176 463 2234 nihil
477 2176 538 2233 sore
553 2175 583 2233 iu
598 2186 697 2234 nostra
709 2185 864 2251 potestate,
879 2175 962 2251 quod
976 2186 1053 2235 esset
1067 2194 1171 2237 carum

116 2284 213 2333 motus
238 2284 333 2333 certus
358 2283 388 2332 et
411 2273 599 2345 necessarius,
621 2273 739 2343 invenit,
760 2291 820 2348 quo
845 2273 937 2332 modo
960 2274 1170 2335 necessitatem
1183 2303 1207 2331 ω

117 2371 264 2446 effugeret,
275 2369 356 2446 quod
370 2369 507 2429 videlicet
521 2370 725 2429 Democritum
739 2370 870 2446 fugerat3
891 2371 931 2428 ait
945 2379 1085 2442 atomum,
1099 2390 1170 2431 cum

117 2467 249 2542 pondere
270 2476 300 2526 et
320 2467 458 2542 gravitate
472 2467 593 2525 derecto
615 2466 737 2525 deorsus
760 2467 876 2538 seratur,
892 2466 1039 2525 declinare
1064 2469 1169 2542 paulu·

79 2582 105 2625 ro
117 2564 186 2622 lum.
228 2566 298 2623 Hoc
314 2563 410 2625 dicere
432 2564 543 2640 turpius
556 2574 600 2638 est
613 2582 703 2638 quam
723 2563 803 2635 illud,
818 2563 899 2639 quod
914 2565 982 2636 vult,
998 2582 1058 2622 non
1078 2583 1170 2639 posse

117 2659 285 2720 defendere.
328 2661 414 2720 Idem
428 2662 497 2719 sacit
517 2671 619 2719 contra
632 2660 821 2733 dialecticos;
844 2661 980 2736 aquibus
995 2680 1064 2718 cum
1078 2663 1169 2721 tradi·

117 2767 179 2815 tum
193 2759 228 2815 sit
243 2758 272 2816 iu
286 2759 421 2817 omnibus
435 2757 672 2828 diiunctionibus,
684 2758 714 2815 in
728 2758 833 2831 quibus
855 2762 938 2815 ‘aut
959 2758 1079 2816 etiam
1101 2771 1170 2819 aut
1182 2790 1206 2829 ις

117 2856 210 2911 non’
235 2866 401 2930 poneretur,
425 2856 548 2913 alterum
571 2864 667 2912 utrum
692 2872 756 2912 esse
777 2873 886 2925 verum,
908 2855 1064 2929 pertimuit,
1079 2874 1130 2928 ne,
1143 2858 1170 2916 si

117 2967 290 3009 concessum
304 2961 381 3009 esset
395 2952 479 3010 huius
494 2948 576 3009 modi
589 2949 717 3024 aliquid:
740 2954 832 3010 ‘Aut
856 2950 964 3010 vivet
988 2971 1076 3010 cras
1100 2964 1170 3013 aut

117 3065 193 3106 non
221 3049 329 3106 vivet
357 3049 584 3124 Epicurus’‚
607 3047 774 3105 alterutrum
795 3049 877 3106 lieret
901 3050 1108 3120 necessarium,
1122 3061 1169 3111 to·

116 3145 349 3203 tumhoc‘aut
372 3146 492 3203 etiam
520 3152 586 3201 aut
614 3146 708 3201 uon’
730 3146 845 3220 negavit
863 3162 927 3202 esse
948 3147 1169 3221 necessarium

117 3258 177 3315 quo
196 3241 267 3316 quid
282 3241 341 3300 dici
363 3243 458 3317 potuit
478 3241 631 3299 obtusius?
671 3242 822 3316 Urguebat
842 3242 984 3300 Arcesilas
1006 3244 1168 3316 Zenonem,
1182 3274 1207 3312 30

117 3339 262 3413 cumipse
278 3340 349 3397 falsa
369 3339 469 3396 omnia
489 3337 608 3407 diceret,
623 3357 699 3412 quae
720 3338 853 3396 sensibus
873 3338 1048 3410 viderentur,
1064 3343 1170 3402 Zenon

117 3444 214 3492 autem
228 3453 289 3493 non
303 3436 382 3495 nulla
395 3437 455 3493 visa
471 3452 536 3492 esse
555 3434 633 3503 salsa,
648 3453 709 3492 non
730 3435 837 3493 omnia.
879 3435 989 3492 Timuit
1012 3437 1169 3512 Epicurus,

117 3549 164 3602 ne,
186 3533 209 3589 si
232 3552 324 3590 unum
346 3533 439 3589 visum
462 3541 539 3589 esset
560 3531 671 3602 falsum,
694 3531 806 3588 nullum
828 3541 905 3588 esset
926 3550 1045 3590 verum:
1070 3537 1170 3595 omnis

117 3645 219 3686 sensus
243 3629 301 3686 veri
330 3629 446 3685 nuntios
474 3626 547 3685 dixit
574 3646 645 3684 esse.
689 3627 769 3684 Nihil
797 3627 901 3685 horum
928 3628 1013 3685 nimis
1042 3631 1147 3690 callide
1159 3654 1198 3710 3,

116 3724 278 3800 graviorem
308 3725 387 3784 enim
417 3724 533 3799 plagam
565 3724 737 3798 accipiebat,
767 3732 799 3781 ut
832 3723 970 3782 leviorem
1004 3727 1168 3799 repelleret.
1183 3746 1208 3787 as
