2504 4170
126 214 169 277 62
455 228 671 279 uariarum
693 226 853 278 oaoavu.

126 399 191 457 ita?
211 400 289 474 Quia
296 418 353 457 nec
364 399 404 458 ad
413 402 544 476 speciem
554 420 610 458 nec
622 401 660 459 ad
669 421 752 459 usum
763 401 852 458 alium
863 399 994 475 quinque
1006 397 1177 457 desiderant.

126 499 207 556 'l'uus
221 507 319 555 autem
331 496 405 555 deus
419 515 479 555 non
490 496 583 572 digito
597 515 656 556 uno
670 497 824 569 redundat,
835 496 889 555 sed
903 498 1008 572 capite,
1020 498 1109 568 collo,
1120 515 1174 554 cer·

126 596 246 665 vicibus,
261 595 407 665 lateribus,
421 595 496 665 alv0,
511 604 601 669 tergo,
617 595 784 669 poplitibus,
796 595 939 664 manibus,
951 592 1087 667 pedibus,
1099 594 1174 651 femi-

126 694 220 762 nibuS,
236 693 374 750 cruribus
417 691 455 761 si,
470 701 502 748 ut
516 691 673 748 inmortalis
688 691 732 760 sit,
748 690 819 764 quid
840 690 913 747 haec
927 689 966 746 ad
979 691 1070 747 vitam
1088 708 1174 748 mem·

127 790 178 847 bra
197 790 364 864 pertinent?
390 786 461 862 quid
489 787 552 861 ipsa
575 788 685 844 facies?
726 787 821 861 Magis
849 787 905 857 illa,
929 787 1094 856 cerebrum,
1119 805 1196 856 cor,r

126 888 289 962 pulmones,
305 888 403 957 iecur;
426 885 499 942 haec
513 885 593 941 enim
607 894 674 941 sunt
694 883 843 940 domicilia
862 883 957 954 vitae3
979 884 1037 940 oris
1058 883 1176 957 quidem

84 961 241 1071 foffhabitus
258 983 297 1041 ad
313 984 388 1040 vitae
405 983 571 1040 firmitatem
590 981 661 1038 nihil
678 982 812 1055 pertinet.
856 981 894 1038 Et
915 998 966 1037 eos
985 981 1175 1056 vituperabas,

126 1083 176 1156 qui
218 1098 255 1139 ex
288 1081 424 1155 operibus
462 1079 624 1154 magnificis
658 1090 746 1152 atque
781 1077 944 1153 praeclaris
979 1095 1047 1134 cum
1083 1078 1176 1152 ipsum

126 1177 280 1248 mundum,
304 1196 373 1235 curn
398 1177 459 1234 eius
484 1177 625 1247 membra,
653 1174 777 1246 caelum,
802 1184 900 1244 terras,
925 1174 1024 1244 maria,
1050 1192 1176 1249 cumque

126 1279 230 1336 horum
258 1278 389 1352 insignia,
417 1277 519 1346 solem,
547 1277 646 1334 lunam
678 1275 842 1349 stellasque,
872 1272 1020 1344 vidissent,
1050 1292 1204 1349 cumque¹v

125 1385 291 1449 temporum
315 1375 502 1443 maturitates,
528 1374 703 1431 mutationes
727 1370 999 1445 vicissitudinesque
1023 1373 1176 1446 cognovis-

126 1482 200 1542 sent,
215 1472 352 1545 suspicati
373 1480 471 1527 essent
490 1471 615 1544 aliquam
630 1470 823 1527 excellentem
838 1486 901 1526 esse
921 1477 1177 1544 praestantemque

125 1581 266 1638 naturam,
291 1585 366 1642 quae
395 1567 469 1624 haec
496 1567 648 1638 effecisset,
676 1576 815 1637 moveret,
843 1575 965 1640 regeret,
993 1566 1177 1640 gubernaret.

126 1667 185 1740 Qui
205 1666 317 1722 etiamsi
335 1665 469 1722 aberrant
485 1665 661 1734 coniectura,
679 1663 766 1720 video
784 1675 892 1734 tamen,
910 1662 981 1738 quid
999 1675 1178 1739 sequantur;

124 1773 155 1820 tu
188 1761 269 1837 quod
302 1780 376 1836 opus
409 1761 529 1818 tandem
562 1780 701 1834 magnum
731 1771 760 1818 et
791 1763 939 1836 egregium
967 1762 1068 1834 habes,
1096 1762 1179 1838 quod
1190 1778 1207 1817 ιε

125 1859 262 1918 effectum
286 1859 385 1916 divina
408 1867 507 1915 urente
527 1857 667 1927 videatur,
690 1876 727 1915 ex
751 1877 811 1932 quo
831 1877 895 1916 esse
916 1858 989 1916 deos
1009 1861 1180 1934 suspicere?

125 1958 291 2026 Habebam,
302 1956 406 2030 inquis,
418 1956 448 2012 in
462 1955 561 2012 animo
575 1955 691 2012 insitam
706 1955 940 2014 informationem
954 1956 1105 2030 quandam
1120 1958 1179 2016 dei.

125 2055 163 2112 Et
184 2053 294 2111 barbati
314 2051 434 2127 quidem
458 2052 543 2121 Iovis,
565 2052 695 2125 galeatae
722 2053 891 2123 Minervae;
913 2072 984 2110 num
1006 2053 1092 2128 igitur
1113 2073 1178 2113 esse

79 2161 116 2203 tot
123 2151 186 2208 talis
205 2151 310 2226 putas?
352 2150 471 2223 Quanto
490 2149 592 2205 melius
610 2148 683 2205 haec
701 2149 803 2223 vulgus
818 2149 1026 2224 imperitorum,
1046 2151 1097 2224 qui
1117 2170 1180 2210 non

124 2249 256 2306 membra
279 2248 373 2304 solum
398 2247 524 2304 hominis
544 2245 602 2302 deo
624 2246 760 2316 tribuant,
785 2246 838 2303 sed
861 2266 945 2304 usum
970 2248 1058 2304 etiam
1083 2267 1213 2308 mem-w

122 2345 250 2404 brorum.
293 2346 374 2402 Dant
388 2344 466 2401 enim
481 2361 590 2412 arcum,
602 2342 729 2417 sagittas,
740 2342 863 2414 hastam,
874 2345 1011 2418 clipeum,
1023 2345 1178 2416 fuscinam,

123 2443 241 2513 fulmen,
267 2451 296 2499 et
320 2442 353 2512 si,
376 2442 507 2498 actiones
534 2458 611 2514 quae
636 2440 693 2497 sint
717 2438 850 2512 deorum,
878 2459 940 2498 non
966 2440 1076 2512 vident,
1105 2443 1180 2501 nihil

123 2549 259 2613 agentem
287 2549 386 2595 tamen
414 2537 504 2595 deum
531 2555 592 2594 non
620 2547 731 2611 queunt
758 2537 896 2612 cogitare.
939 2539 1008 2612 Ipsi,
1030 2539 1081 2613 qui
1108 2540 1179 2597 inri-

122 2634 237 2704 dentur,
250 2635 383 2709 Aegyptii
397 2634 504 2690 nullam
519 2633 636 2691 beluam
651 2634 704 2690 nisi
719 2634 759 2691 ob
772 2635 899 2708 aliquam
914 2636 1075 2704 utilitatem,
1085 2653 1179 2710 quam

122 2747 160 2787 ex
187 2748 222 2787 ea
256 2740 403 2805 caperent,
432 2739 696 2801 consecraverunt3
731 2732 809 2788 velut
844 2732 906 2789 ibes
934 2733 1090 2790 maximam
1115 2734 1177 2792 vim
1190 2756 1213 2794 as

122 2827 301 2901 serpentium
319 2827 488 2896 conficiunt,
508 2845 577 2883 curn
596 2826 654 2883 sint
672 2845 740 2884 aves
759 2828 900 2898 excelsae,
918 2829 1047 2886 cruribus
1065 2829 1177 2904 rigidis,

122 2941 231 2981 corneo
255 2941 437 2998 proceroque
458 2932 570 2994 rostr03
591 2932 724 2980 avertunt
745 2934 859 2998 pestem
881 2926 918 2981 ab
940 2928 1082 2999 Aegypto
1105 2945 1177 2985 cum

120 3020 244 3077 volucris
278 3021 380 3094 anguis
414 3037 452 3077 ex
484 3020 617 3077 vastitate
654 3020 762 3094 Libyae
796 3031 885 3078 vento
917 3022 1014 3079 Africo
1045 3022 1177 3082 invectas

120 3116 297 3174 interficiunt
318 3127 405 3191 atque
431 3127 625 3188 consumunt;
648 3135 685 3174 ex
706 3134 766 3191 quo
791 3117 832 3188 frt,
856 3127 888 3175 ut
912 3119 976 3175 illae
994 3136 1052 3176 nec
1075 3102 1181 3178 morsu'

120 3213 202 3270 vivae
220 3224 347 3271 noceant
365 3232 422 3270 nec
441 3213 533 3271 odore
555 3223 696 3271 mortuae.
740 3215 863 3271 Possum
884 3214 922 3271 de
944 3216 1176 3275 ichneumonum
1189 3239 1213 3277 ao

120 3310 250 3380 utilitate,
277 3309 315 3367 de
343 3309 567 3378 crocodilorum,
596 3309 634 3366 de
660 3311 778 3367 faelium
803 3309 911 3380 dicere,
937 3312 989 3368 sed
1015 3312 1084 3369 nolo
1109 3331 1176 3373 esse

119 3406 232 3480 longus
275 3407 321 3463 Ita
355 3405 539 3473 concludam,
574 3416 674 3463 tamen
708 3407 807 3464 beluas
841 3424 859 3462 a
892 3407 1020 3464 barbaris
1054 3420 1177 3484 propter

119 3502 296 3561 beneficium
320 3513 513 3572 consecratas,
536 3514 697 3560 vestrorum
720 3502 844 3560 deorum
866 3521 927 3560 non
950 3503 1041 3561 modo
1062 3507 1174 3565 benefr-

75 3600 199 3656 1oacium
222 3599 334 3655 nullum
358 3608 465 3668 extare,
491 3599 543 3656 sed
568 3617 605 3656 ne
630 3599 739 3656 factum
764 3599 885 3673 quidem
910 3601 1041 3658 omnino
1092 3604 1177 3663 Nihil

120 3695 218 3766 habet,
240 3694 341 3767 inquit,
362 3694 481 3768 negotii.
522 3695 657 3753 Profecto
680 3695 825 3770 Epicurus
849 3695 932 3768 quasi
952 3698 1035 3770 pueri
1055 3696 1214 3767 delicati-n
