2504 4170
383 283 449 332 LIB.
467 284 488 332 1.
522 283 712 344 Cxu.V1,V11.
747 287 878 350 §512-17.
1116 285 1157 352 37
1204 285 1205 288 '

26 440 29 447 ’
100 435 196 494 bitare
226 446 312 512 coget
341 426 576 495 doctissimorum
608 437 760 496 hominum
789 437 827 497 de
855 459 992 498 maxuma
1018 459 1049 498 re
1077 451 1158 498 tanta

102 516 280 592 dissensio,=
302 534 392 607 Quod
414 553 483 592 cum
504 553 591 610 saepe
620 537 697 607 aliaS,
720 546 782 593 tum
804 539 931 594 maxime
956 538 1155 608 animadverti,
1170 554 1195 593 15

101 648 172 686 cum
194 629 274 704 apud
292 631 327 689 C.
344 631 471 702 Cottam,
487 632 657 689 familiarem
679 650 788 704 meum,
803 643 939 690 accurate
961 652 1030 690 sane
1046 643 1075 691 et
1093 635 1155 691 dili-

101 737 205 800 genter
230 727 268 784 de
293 727 338 785 dis
372 729 571 786 inmortalibus
592 729 772 803 disputatum
801 740 854 787 est.
897 731 976 787 Nam
997 749 1066 788 cum
1081 732 1156 788 seriis

70 842 82 880 ⁵
103 825 215 880 Latinis
240 823 280 881 ad
305 843 373 881 eum
397 825 486 899 ipsius
513 835 616 900 rogatu
643 827 842 900 arcessituque
867 828 1021 898 venissem,
1046 828 1156 886 offendi

102 939 171 977 eum
197 920 351 978 sedentem
375 922 404 979 in
426 921 535 978 exedra
558 932 588 978 et
609 942 677 979 curn
697 924 731 981 C.
748 925 862 981 Velleio
895 934 1030 982 senatore
1056 924 1154 1000 dispu-

101 1027 224 1088 tantem,
249 1017 288 1075 ad
310 1037 398 1092 quem
421 1029 484 1076 turn
505 1019 643 1094 Epicurei
664 1021 770 1094 primas
794 1039 830 1077 ex
855 1021 958 1078 nostris
989 1020 1155 1081 hominibus

102 1115 283 1173 deserebant.
325 1115 434 1173 Aderat
455 1117 542 1173 etiam
564 1117 602 1190 Q.
619 1115 746 1174 Lucilius
768 1118 884 1188 Balbus,
900 1119 949 1192 qui
971 1128 1066 1177 tantos
1087 1138 1155 1195 pro·

101 1231 217 1286 gressus
240 1212 367 1270 habebat
387 1214 416 1270 in
438 1214 549 1284 Stoicis,
573 1224 605 1271 ut
625 1233 695 1271 curn
717 1215 926 1273 excellentibus
948 1216 978 1273 in
996 1233 1032 1274 eo
1048 1235 1155 1291 genere

65 1330 89 1355 10
101 1310 224 1366 Graecis
245 1322 469 1384 compararetur.
511 1311 598 1382 Tum,
613 1321 646 1368 ut
666 1330 713 1368 me
739 1312 828 1370 Cotta
847 1312 928 1382 vidit,
945 1315 1153 1388 Peroportune,

100 1407 203 1480 inquit,
226 1408 326 1478 venis,
355 1408 444 1464 oritur
465 1407 543 1464 enim
570 1408 642 1464 mihi
672 1427 778 1482 magna
798 1408 836 1465 de
862 1427 892 1465 re
915 1410 1064 1467 altercatio
1085 1429 1153 1468 curn

100 1504 222 1574 Velleio,
239 1505 286 1561 cui
301 1522 354 1578 pro
369 1515 419 1560 tuo
435 1503 531 1561 studio
546 1523 607 1560 non
622 1516 666 1561 est
680 1506 807 1562 alienum
822 1517 850 1562 te
865 1506 1014 1563 interesse.
1056 1509 1153 1582 Atque
1167 1497 1192 1604 rh

101 1601 172 1658 mihi
204 1620 322 1676 quoque
352 1600 462 1670 videor,
493 1601 622 1675 inquam,
650 1603 774 1673 venisse,
813 1614 846 1659 ut
882 1601 965 1673 dicis,
999 1614 1153 1677 oportune.

99 1699 173 1755 Tres
195 1699 274 1755 enim
295 1699 381 1755 trium
403 1698 621 1772 disciplinarum
642 1699 789 1774 principes
810 1700 997 1757 convenistis,
1040 1702 1083 1759 M.
1103 1719 1153 1759 au-

64 1816 87 1853 15
101 1805 163 1852 tem
185 1797 251 1853 Piso
273 1796 296 1852 si
317 1795 442 1865 adesset,
458 1795 562 1852 nullius
585 1794 787 1871 philosophiae
809 1814 909 1854 earum
930 1796 1060 1870 quidem,
1078 1816 1153 1873 quae

101 1893 131 1948 in
153 1892 264 1950 honore
293 1903 368 1962 sunt,
389 1901 505 1948 vacaret
533 1891 625 1950 locus.
667 1894 745 1950 Tum
766 1894 872 1951 Cotta:
897 1894 935 1963 Si,
959 1894 1060 1968 inquit,
1082 1894 1154 1952 liber

101 1990 239 2046 Antiochi
256 1990 355 2060 nostri,
371 1989 420 2064 qui
443 1989 479 2046 ab
502 2006 538 2046 eo
560 2008 654 2064 nuper
675 1989 713 2047 ad
735 1990 813 2053 hunc
835 1990 959 2048 Balbum
980 1991 1084 2049 missus
1099 2001 1151 2063 est,

99 2104 169 2143 vera
189 2087 325 2161 loquitur,
340 2086 410 2143 nihil
432 2095 485 2156 est,
508 2085 590 2160 quod
612 2070 762 2157 Pisonem}
774 2087 943 2144 familiarem
962 2097 1054 2159 tuum,
1076 2088 1152 2147 desi-

100 2182 185 2240 deres
197 2204 204 2254 ;
234 2183 381 2241 Antiocho
406 2183 484 2240 enirn
510 2183 599 2240 Stoici
624 2202 693 2240 cum
717 2183 915 2257 Peripateticis
940 2202 970 2241 re
994 2187 1152 2243 concinere

60 2279 244 2351 novidentur,
265 2281 359 2338 verbis
381 2280 546 2354 discrepare
558 2300 566 2351 3
589 2298 649 2354 quo
673 2279 711 2336 de
733 2279 816 2351 libro,
841 2281 941 2352 Balbe,
966 2282 1053 2339 velim
1078 2283 1152 2341 scire

100 2379 172 2453 quid
196 2381 313 2437 sentias.
357 2381 482 2454 Egone?
512 2380 606 2453 inquit
631 2380 687 2437 ille.
727 2381 820 2436 Miror
843 2381 1032 2454 Antiochum,
1057 2382 1151 2440 homi·

30 2493 34 2498 ’
100 2477 220 2533 nemin
245 2477 344 2551 primis
366 2487 494 2546 acutum,
516 2495 577 2533 non
601 2475 709 2533 vidisse
735 2476 873 2534 interesse
896 2477 1054 2552 plurimum
1077 2479 1153 2537 inter

100 2574 224 2644 Stoicos,
240 2575 289 2648 qui
308 2575 431 2632 honesta
445 2593 462 2630 a
475 2572 641 2631 commodis
659 2592 720 2631 uon
741 2575 870 2646 nomine,
886 2574 939 2632 sed
960 2592 1067 2651 genere
1088 2586 1151 2635 toto

99 2669 291 2745 diiungerent,
314 2681 344 2728 et
369 2671 585 2746 Peripateticos,
610 2670 660 2744 qui
684 2669 810 2727 honesta
834 2672 1062 2731 commiscerent
1082 2692 1151 2731 curn

59 2792 84 2830 ας
99 2768 273 2839 commodis,
289 2779 321 2826 ut
342 2787 377 2825 ea
399 2769 474 2825 inter
494 2785 525 2825 se
548 2767 751 2842 magnitudine
773 2778 803 2826 ct
826 2770 908 2844 quasi
927 2769 1072 2844 gradibus,
1090 2789 1151 2829 non

97 2883 205 2939 genere
228 2865 384 2924 differrent.
428 2867 515 2924 Haec
541 2867 622 2923 enim
647 2876 776 2923 estnon
797 2867 955 2924 verborum
977 2885 1074 2942 parva,
1098 2867 1151 2925 sed

96 2980 194 3019 rerum
221 2979 380 3039 permagna
407 2963 560 3022 dissensio.
605 2963 716 3020 Verum
745 2962 803 3020 hoc
831 2963 900 3021 alias
911 2984 920 3035 ;
950 2982 1040 3035 nunc,
1069 2964 1151 3039 quod
1164 2982 1188 3024 rr

97 3059 258 3133 coepimus,
280 3061 304 3118 si
323 3060 449 3120 videtur.
492 3060 566 3119 Mihi
588 3079 667 3131 vero,
692 3060 787 3134 inquit
809 3061 906 3131 Cotta,
927 3061 1050 3119 videtur.
1092 3061 1151 3120 Sed

96 3167 128 3214 ut
144 3157 201 3226 hic,
217 3157 266 3230 qui
281 3158 445 3229 intervenit,
465 3157 528 3234 (me
539 3157 684 3233 intuens),
698 3175 737 3215 ne
755 3158 876 3232 ignoret,
892 3176 967 3232 quae
981 3177 1027 3215 res
1041 3165 1150 3232 agatur,

55 3275 83 3313 30
96 3236 135 3310 de
157 3265 257 3311 natura
279 3256 441 3330 agebamus
462 3242 595 3324 deorum,
611 3271 686 3329 quae
709 3272 777 3311 cum
800 3255 871 3312 mihi
886 3253 1031 3311 videretur
1045 3254 1150 3329 perob-

94 3369 186 3421 scura,
213 3363 244 3408 ut
269 3371 387 3426 semper
410 3350 503 3410 videri
528 3351 611 3422 solet,
638 3336 757 3426 Epicuri
786 3369 823 3407 ex
846 3351 959 3409 Velleio
985 3344 1151 3410 sciscitabar

93 3450 277 3506 sententiam.
322 3449 424 3522 Quam
446 3449 484 3506 ob
506 3465 577 3518 rem,
600 3447 702 3521 inquit,
724 3448 827 3518 Vellei,
844 3449 897 3504 nisi
919 3448 1074 3505 molestum
1096 3458 1149 3520 est,

92 3556 202 3620 repete,
223 3564 298 3620 quae
320 3562 473 3622 coeperas.
516 3545 662 3618 Repetam
683 3561 762 3613 ver0,
784 3562 964 3619 quamquam
985 3564 1046 3601 non
1068 3545 1148 3616 mihi,

92 3641 146 3699 sed
174 3643 225 3700 tibi
254 3643 302 3699 hic
327 3644 409 3699 venit
438 3641 572 3712 adiutor;
595 3639 683 3697 ambo
707 3641 796 3711 enirn,
822 3641 915 3715 inquit
942 3641 1088 3713 adridens
1111 3643 1149 3700 ab

52 3764 78 3804 ³5
91 3738 200 3796 eodem
216 3739 338 3798 Philone
353 3737 427 3804 nihil
446 3739 519 3797 scire
533 3736 685 3796 didicistis.
726 3738 805 3795 Tum
819 3755 894 3813 ego:
917 3737 998 3812 Quid
1012 3725 1147 3797 didice'ri·
