2504 4170
367 306 432 355 nin.
451 307 472 354 1.
506 307 737 365 craxnaxrv.
772 307 802 370 §g
816 318 904 370 31-37.
1117 303 1158 366 43

99 441 192 517 ¹stellis
205 459 287 534 vagis
301 459 497 528 nominantur,
512 477 613 531 unum,
628 459 677 533 qui
700 478 737 517 ex
757 458 894 516 omnibus
916 456 1068 527 sideribus
1084 473 1160 530 quae

103 556 193 613 infixa
207 556 291 613 caelo
304 565 379 627 sunt,
391 573 428 612 ex
439 555 576 630 dispersis
587 556 668 630 quasi
683 555 821 614 membris
833 555 955 629 simplex
967 554 1002 611 sit
1013 552 1160 628 putandus

104 652 187 723 deus,
195 653 355 727 septimum
366 653 457 709 solem
468 651 600 727 adiungit
611 663 803 726 octavamque
812 652 911 709 lunam
921 672 930 723 ;
946 651 1064 725 quiquo
1074 669 1159 709 sensu

103 749 182 807 beati
208 766 272 806 esse
297 749 417 823 possint,
442 748 570 823 intellegi
598 768 658 806 non
682 758 789 824 potest.
833 750 879 806 Ex
903 747 1008 805 eadem
1034 749 1160 806 Platonis

71 866 83 904 s
104 845 205 904 schola
231 847 370 904 Ponticus
393 845 567 903 Heraclides
588 847 745 920 puerilibus
767 844 870 903 sabulis
891 846 1001 903 refersit
1023 846 1110 903 libros
1132 855 1161 902 et

103 942 196 1001 modo
221 941 376 1013 mundum,
402 952 464 999 tum
488 951 618 1000 mentem
643 941 773 1000 divinam
798 959 861 999 esse
886 952 977 1017 putat,
1001 943 1160 1000 errantibus

104 1040 193 1097 etiam
214 1040 302 1097 stellis
325 1039 505 1097 divinitatem
527 1039 626 1097 tribuit
648 1056 794 1114 sensuque
818 1038 908 1096 deum
933 1039 1025 1114 privat
1049 1049 1078 1096 et
1098 1040 1160 1096 eius

104 1136 228 1194 sormam
244 1136 414 1194 mutabilem
429 1153 493 1194 esse
506 1136 567 1194 vult
582 1135 748 1210 eodemque
766 1136 796 1193 in
817 1135 889 1195 libro
903 1154 998 1193 rursus
1012 1146 1117 1192 terram
1131 1146 1161 1192 et

103 1233 220 1289 caelum
240 1232 328 1289 refert
349 1233 378 1289 in
398 1232 480 1291 deos.
523 1233 589 1290 Nec
603 1250 672 1289 vero
686 1233 882 1307 Theophrasti
904 1233 1098 1289 inconstantia
1118 1232 1159 1289 se·
1172 1240 1198 1280 8⁵

64 1353 91 1380 ιο
103 1329 197 1386 reuda
211 1340 254 1387 est
264 1351 274 1402 3
297 1329 387 1387 modo
399 1330 478 1386 enim
493 1330 584 1387 menti
595 1328 725 1387 divinum
739 1330 838 1388 tribuit
851 1330 1057 1405 principatum,
1068 1328 1160 1387 modo

104 1427 197 1496 cae10,
212 1436 275 1484 tum
290 1436 387 1483 autem
411 1427 498 1501 signis
516 1425 717 1500 sideribusque
732 1427 915 1484 caelestibus
959 1427 1024 1483 Nec
1039 1425 1160 1483 audien-

104 1522 161 1581 dus
182 1524 243 1581 eius
266 1522 382 1580 auditor
396 1524 499 1593 Strato,
515 1523 538 1580 is
553 1524 603 1598 qui
625 1523 762 1599 physicus
783 1525 952 1599 appellatur,
967 1525 1018 1598 qui
1040 1541 1161 1581 omnem

103 1621 163 1678 vim
178 1619 307 1677 divinam
322 1620 352 1676 in
371 1631 474 1676 natura
489 1620 573 1677 sitam
588 1638 652 1678 esse
666 1631 776 1690 censet,
792 1639 867 1695 quae
889 1638 990 1677 causas
1012 1619 1160 1697 gignendi,

104 1718 241 1795 augendi,
266 1719 419 1776 minuendi
447 1719 563 1789 habeat,
589 1719 642 1777 sed
667 1730 764 1777 careat
788 1720 868 1777 omni
893 1738 981 1777 sensu
1006 1730 1036 1778 et
1059 1721 1159 1794 figura.

63 1840 89 1878 ιε
103 1819 186 1875 Zeno
200 1826 308 1887 autem,
324 1826 356 1874 ut
370 1816 428 1873 iam
442 1815 481 1873 ad
495 1826 614 1887 vestros,
631 1816 729 1887 Balbe,
745 1817 869 1888 veniam,
885 1818 1045 1874 naturalem
1065 1797 1205 1902 legem&

104 1914 234 1973 divinam
259 1932 325 1971 esse
348 1923 458 1984 censet,
480 1931 605 1988 eamque
626 1915 685 1971 vim
709 1914 841 1971 obtinere
865 1923 945 1971 recta
969 1914 1160 1988 imperantem

103 2012 370 2086 prohibentemque
386 2011 538 2068 contraria.
582 2010 680 2084 Quam
694 2012 791 2085 legem
801 2029 861 2085 quo
872 2009 963 2068 modo
978 2011 1085 2069 efficiat
1098 2012 1160 2068 ani-

103 2118 245 2178 mantem,
268 2109 435 2183 intellegere
460 2125 520 2165 non
544 2125 718 2182 possumus,
747 2107 836 2165 deum
860 2118 958 2165 autem
981 2109 1160 2166 animantem

104 2217 184 2264 certe
199 2206 332 2263 volumus
354 2223 427 2262 esse.
469 2207 566 2278 Atque
592 2204 640 2261 hic
663 2204 745 2262 idem
767 2205 823 2262 alio
845 2205 913 2263 loco
935 2205 1054 2262 aethera
1070 2205 1160 2263 deum

62 2329 91 2356 ω
103 2303 186 2374 dicit,
202 2303 226 2360 si
240 2302 367 2376 intellegi
382 2311 478 2376 potest
493 2301 564 2359 nihil
583 2302 711 2359 sentiens
726 2300 807 2371 deus,
823 2302 873 2376 qui
892 2320 1052 2376 numquam
1075 2304 1160 2361 nobis

103 2400 232 2458 occurrit
245 2417 341 2473 neque
356 2400 386 2456 in
400 2399 535 2473 precibus
550 2416 648 2473 neque
664 2399 693 2455 in
707 2398 814 2473 optatis
828 2416 925 2472 neque
941 2399 970 2455 in
984 2400 1058 2457 votis
1070 2420 1077 2471 ;
1099 2400 1160 2458 aliis

103 2507 204 2555 autem
218 2496 295 2554 libris
310 2497 453 2554 rationem
467 2495 616 2571 quandam
636 2513 689 2570 per
703 2513 823 2553 omnem
837 2505 971 2552 naturam
984 2514 1080 2554 rerum
1094 2515 1158 2572 per-

103 2595 247 2652 tinentem
260 2594 289 2650 vi
303 2592 401 2650 divina
415 2611 478 2650 esse
493 2591 640 2650 adfectam
661 2601 752 2667 putat.
796 2590 880 2649 Idem
902 2592 984 2649 astris
1005 2592 1064 2651 hoc
1079 2592 1159 2651 idem

103 2691 211 2761 tribuit,
226 2700 289 2748 tum
310 2691 402 2761 annis,
425 2690 573 2748 mensibus
595 2707 797 2763 annorumque
821 2689 1039 2749 mutationibus.
1082 2691 1160 2749 Cum

64 2815 91 2854 ις
103 2807 173 2846 vero
190 2787 318 2845 Hesiodi
338 2788 527 2863 theogoniam
546 2785 594 2864 [id
609 2797 652 2844 est
666 2787 809 2862 originem
823 2785 964 2864 deorum]
990 2787 1159 2863 interpreta-

104 2895 159 2957 tur,
181 2885 255 2943 tollit
279 2886 401 2943 omnino
423 2886 542 2942 usitatas
569 2894 782 2960 perceptasque
808 2884 991 2959 cognitiones
1016 2884 1159 2955 deorum;

104 3000 202 3057 neque
217 2983 296 3040 enim
311 2984 414 3040 Iovem
428 3000 525 3056 neque
542 2983 687 3040 Iunonem
702 2999 798 3055 neque
814 2982 937 3039 Vestam
948 3000 1043 3056 neque
1059 3000 1159 3056 quem-

104 3098 203 3154 quam,
218 3080 269 3154 qui
294 3079 333 3136 ita
355 3079 525 3154 appelletur,
540 3079 570 3136 in
593 3077 716 3136 deorum
741 3077 829 3136 habet
854 3097 986 3148 numer0,
1003 3078 1056 3136 sed
1074 3079 1160 3136 rebus

105 3176 240 3234 inanimis
261 3185 348 3250 atque
370 3176 457 3234 mutis
478 3193 532 3250 per
544 3174 693 3250 quandam
716 3175 958 3249 significationem
982 3174 1056 3232 haec
1072 3174 1162 3233 docet

66 3301 93 3339 30
104 3274 212 3331 tributa
225 3275 355 3332 nomina.
398 3273 489 3332 Cuius
504 3271 640 3347 discipuli
654 3272 795 3329 Aristonis
810 3290 870 3329 non
892 3271 988 3329 minus
1009 3291 1116 3346 magno
1131 3273 1161 3329 in
1173 3287 1199 3330 at

105 3388 201 3428 errore
216 3371 360 3427 sententia
381 3380 434 3441 est,
449 3370 500 3444 qui
520 3386 617 3443 neque
632 3368 755 3426 sormam
770 3367 819 3425 dei
840 3369 969 3442 intellegi
992 3387 1079 3443 posse
1094 3388 1162 3426 cen-

105 3478 168 3526 seat
184 3485 281 3542 neque
303 3468 333 3525 in
348 3467 411 3525 deis
433 3485 551 3524 sensum
573 3484 636 3524 esse
651 3465 731 3522 dicat
745 3464 918 3540 dubitetque
942 3467 1072 3537 omnino,
1089 3466 1162 3524 deus

104 3566 238 3624 animans
258 3583 353 3622 necne
368 3565 413 3622 sit.
457 3563 614 3623 Cleanthes
629 3573 735 3632 autem,
752 3563 802 3636 qui
816 3563 967 3619 Zenonem
982 3563 1091 3620 audivit
1105 3582 1163 3620 una

104 3682 174 3720 cum
198 3680 244 3731 e0,
260 3680 350 3736 quem
372 3661 504 3736 proxime
525 3659 681 3728 nominavi,
702 3667 765 3715 tum
787 3659 882 3733 ipsum
907 3657 1050 3716 mundum
1073 3659 1163 3717 deum

67 3781 93 3821 as
106 3758 180 3818 dicit
201 3774 274 3829 esse,
290 3767 352 3815 tum
377 3756 466 3814 totius
490 3765 609 3814 naturae
634 3755 726 3812 menti
748 3764 836 3830 atque
861 3754 960 3812 animo
984 3756 1081 3813 tribuit
1105 3756 1162 3813 hoc
1227 3764 1229 3768 “
