2504 4170
134 261 178 338 48
464 277 514 327 ns
536 279 681 330 uarum
705 278 863 329 osonum

135 428 224 487 misso
238 429 344 488 versari
358 429 469 489 circum
483 450 569 489 axem
590 432 664 489 caeli
684 431 845 491 admirabili
867 430 1039 491 celeritate?
1059 432 1115 491 nisi
1128 433 1185 508 qui«

136 535 216 583 etum
243 536 342 584 autem
369 528 441 585 nihil
474 529 594 587 beatum
626 538 690 601 est3
726 530 785 587 sive
819 530 849 586 in
881 529 947 603 ipso
975 529 1092 587 mundo
1120 529 1185 587 deus

135 622 210 680 inest
237 622 349 697 aliquis,
374 625 426 698 qui
453 634 543 700 regat,
568 626 619 699 qui
646 626 797 700 gubernet,
827 626 876 700 qui
906 644 1009 684 cursus
1039 637 1185 697 astrorum,

135 720 311 776 mutationes
332 729 508 794 temporum,
530 740 626 779 rerum
640 721 853 780 vicissitudines
873 721 1053 797 ordinesque
1075 741 1185 781 conset·

135 825 193 886 vet,
208 825 296 874 terras
318 825 348 874 et
368 817 458 874 maria
480 818 682 892 contemplans
706 818 858 876 hominum
880 818 1042 877 commoda
1060 820 1186 895 vitasque

97 924 124 966 tt
136 920 259 983 tueatur,
274 931 311 972 ne
326 914 371 971 ille
386 924 430 972 est
444 914 609 989 implicatus
623 915 753 973 molestis
768 916 890 990 negotiis
901 925 932 972 et
942 917 1097 990 operosis!
1130 918 1187 975 Nos

136 1019 234 1067 autem
248 1010 364 1068 beatam
378 1011 467 1068 vitam
487 1012 518 1068 in
532 1012 621 1069 animi
636 1012 789 1069 securitate
803 1022 833 1069 et
848 1013 876 1068 in
890 1013 1024 1070 omnium
1038 1015 1187 1073 vacatione

136 1124 290 1164 munerum
305 1108 450 1181 ponimus.
492 1108 604 1166 Docuit
618 1109 698 1166 enim
714 1127 769 1167 nos
789 1107 879 1178 idern,
894 1109 945 1182 qui
965 1119 1076 1182 cetera,
1091 1121 1189 1169 natura

136 1202 273 1260 eflectum
295 1221 358 1261 esse
380 1204 532 1277 mundum,
547 1205 618 1262 nihil
639 1222 715 1279 opus
736 1205 823 1263 fuisse
848 1205 965 1276 fabrica,
979 1215 1104 1281 tamque
1127 1224 1188 1265 eam

136 1316 199 1357 rem
213 1318 276 1358 esse
291 1301 416 1372 facilem,
430 1320 519 1376 quam
533 1320 586 1360 vos
600 1301 677 1359 effici
698 1302 810 1376 negatis
830 1302 892 1359 sine
906 1300 1006 1360 divina
1026 1321 1117 1378 posse
1138 1303 1188 1362 sol

136 1396 225 1471 lertia,
250 1408 282 1455 ut
310 1399 526 1457 innumerabilis
553 1409 657 1457 natura
684 1397 812 1456 mundos
840 1399 980 1457 effectura
1006 1384 1058 1473 sit,
1077 1402 1191 1473 efficiat,

137 1494 275 1553 effecerit.
325 1495 416 1570 Quod
440 1497 510 1570 quia
533 1515 623 1570 quem
646 1495 684 1554 ad
709 1495 832 1553 modum
856 1505 958 1552 natura
982 1497 1104 1556 efficere
1131 1499 1189 1557 sine

137 1591 234 1666 aliqua
248 1603 345 1650 mente
359 1594 451 1667 possit
464 1612 525 1651 non
539 1592 652 1665 videtis,
668 1603 699 1650 ut
714 1592 814 1667 tragici
829 1592 944 1666 poetae,
960 1611 1030 1651 cum
1044 1596 1189 1670 explicare

97 1704 124 1745 tt
137 1691 298 1763 argumenti
312 1690 422 1748 exitum
436 1708 497 1748 non
514 1691 644 1765 potestis,
659 1690 815 1764 confugitis
828 1688 866 1746 ad
882 1687 992 1761 deum,
1014 1692 1101 1750 cuius
1121 1710 1191 1777 opev3

136 1802 199 1844 ram
212 1787 344 1860 profecto
364 1805 425 1845 non
439 1785 650 1858 desideraretis,
665 1787 688 1845 si
709 1787 872 1844 inmensam
887 1796 916 1843 et
931 1786 1191 1847 interminatamin
1250 1803 1252 1808 ·

136 1884 233 1941 omnis
253 1884 340 1957 partis
363 1884 594 1958 magnitudinem
615 1884 766 1959 regionum
781 1883 925 1953 videretis,
941 1883 1078 1958 inquam
1092 1904 1127 1945 se
1141 1886 1189 1945 ini·

137 1980 218 2038 ciens
233 1980 345 2038 animus
360 1990 390 2038 et
403 1980 559 2039 intendens
574 1983 614 2039 ita
627 1981 683 2039 late
698 1981 843 2056 longeque
858 1981 1068 2055 peregrinatur,
1083 1993 1117 2042 ut
1131 1983 1191 2043 nul

136 2076 194 2134 lam
208 2087 307 2134 tamen
326 2095 406 2136 oram
428 2079 520 2136 ultimi
533 2077 640 2150 videat,
655 2079 685 2136 in
699 2097 759 2154 qua
778 2080 870 2153 possit
892 2078 1033 2137 insistere.
1077 2081 1116 2139 In
1138 2080 1190 2141 hae

136 2173 221 2249 igitur
235 2174 418 2232 inmensitate
435 2175 628 2248 latitudinum,
641 2175 866 2250 longitudinum,
878 2175 1065 2234 altitudinum
1080 2178 1191 2237 infinita

135 2271 179 2328 vis
192 2271 444 2329 innumerabilium
459 2273 558 2330 volitat
575 2283 749 2344 atomorum,
764 2291 840 2347 quae
861 2274 1016 2332 interiecto
1037 2275 1120 2334 inani
1142 2294 1193 2335 co

136 2367 310 2426 haerescunt
330 2378 429 2426 tamen
450 2369 524 2427 inter
544 2388 576 2427 se
598 2379 627 2428 et
647 2370 721 2426 aliae
742 2369 811 2426 alias
836 2369 1097 2445 adprehendentes
1119 2392 1194 2433 con·-

135 2464 301 2537 tinuantur;
323 2483 360 2522 ex
374 2484 433 2540 quo
448 2466 611 2524 efficiuntur
624 2484 677 2524 eae
698 2483 794 2524 rerum
815 2468 925 2525 formae
940 2477 970 2526 et
984 2468 1105 2543 figurae,
1119 2484 1194 2546 quas

135 2579 187 2619 vos
202 2561 277 2619 effici
292 2580 379 2636 posse
393 2563 455 2619 sine
477 2564 592 2621 follibus
613 2574 642 2621 et
663 2562 819 2622 incudibus
841 2583 901 2622 non
924 2567 1042 2639 putatis.
1087 2568 1193 2644 Itaque

137 2657 301 2731 inposuistis
322 2660 352 2715 in
374 2659 534 2716 cervicibus
554 2661 658 2720 nostris
679 2662 890 2736 sempiternum
911 2660 1076 2734 dominum,
1095 2682 1192 2740 quern

136 2751 199 2810 dies
214 2764 242 2811 et
256 2766 359 2812 noctes
373 2757 550 2813 timeremus.
592 2757 665 2831 Quis
686 2759 765 2816 enirn
779 2777 840 2817 non
861 2759 962 2816 timeat
980 2761 1083 2817 omnia
1096 2742 1213 2837 provi-a

136 2848 256 2908 dentem
270 2861 300 2908 et
313 2851 492 2925 cogitantem
507 2861 536 2910 et
549 2854 830 2912 animadvertentem
850 2865 880 2912 et
901 2857 1000 2912 omnia
1013 2854 1053 2914 ad
1069 2875 1117 2915 se·
1127 2876 1189 2934 per-

97 2960 123 3002 ta
136 2946 226 3004 tinere
254 2957 427 3021 putantem·
435 2949 581 3007 curiosum
610 2961 639 3008 et
667 2951 787 3025 plenum
814 2953 923 3026 negotii
952 2951 1064 3011 deum?
1112 2956 1195 3015 Hinc

135 3043 218 3101 vobis
229 3045 323 3101 extitit
332 3043 459 3119 primum
470 3045 518 3103 illa
525 3047 617 3105 fatalis
628 3049 795 3118 necessitas,
803 3066 891 3122 quam
903 3049 1070 3124 εἱμαρμένην
1084 3050 1190 3123 dicitis,

135 3149 176 3210 ut,
190 3140 332 3216 quicquid
352 3141 477 3213 accidat,
492 3142 523 3201 id
548 3161 584 3200 ex
608 3154 727 3201 aeterna
739 3146 858 3203 veritate
883 3163 1098 3220 causarumque
1120 3168 1190 3208 oon·

135 3236 295 3296 tinuatione
323 3237 439 3297 fluxisse
468 3239 581 3298 dicatis.
633 3241 743 3314 Quanti
770 3252 868 3298 autern
896 3241 970 3298 haec
1004 3242 1214 3322 philosophias

136 3333 316 3393 aestimanda
339 3346 391 3407 est,
407 3337 455 3394 cui
477 3346 626 3411 tamquam
651 3337 781 3408 aniculis,
797 3347 827 3395 et
850 3338 883 3394 iis
906 3337 1027 3412 quidem
1052 3326 1195 3413 indoctis,

134 3428 194 3486 sato
226 3430 287 3490 fieri
314 3432 468 3490 videantur
501 3433 622 3490 omnia?
676 3434 811 3506 Sequitur
837 3435 954 3509 μαντικὴ
981 3445 1086 3507 vestra,
1116 3456 1193 3515 quae

136 3525 238 3586 Latine
263 3528 445 3587 divinatio
470 3528 584 3599 dicitur,
600 3546 659 3601 qua
679 3538 760 3585 tanta
774 3529 960 3587 inbueremur
973 3535 1190 3607 superstitiones

134 3621 158 3679 si
182 3641 235 3682 vos
259 3625 360 3683 audire
384 3624 533 3696 vellemus,
557 3634 588 3681 ut
613 3624 790 3698 haruspices,
814 3642 944 3698 augures,
968 3626 1080 3700 harioli,
1101 3644 1195 3703 vates,

96 3735 121 3778 ts
135 3720 318 3780 coniectores
338 3721 424 3781 nobis
443 3729 542 3780 essent
565 3717 693 3777 colendi.
735 3720 793 3780 His
818 3720 972 3779 terroribus
994 3723 1033 3781 ab
1058 3725 1197 3803 Epicuro
