2504 4170
122 299 183 367 ¹50
444 299 494 351 nn
511 299 658 352 narona
679 297 842 352 unorum

117 456 141 513 si
155 465 199 512 est
213 453 294 525 deus,
306 463 418 529 patrem
433 471 551 528 quoque
566 455 629 512 eius
643 454 767 513 Caelum
782 470 848 511 esse
863 451 959 513 deum
974 451 1157 514 confitendum

118 564 170 610 est.
213 551 304 625 Quod
324 552 347 608 si
365 552 405 608 ita
421 561 473 621 est,
491 551 574 609 Caeli
594 568 712 626 quoque
734 560 871 625 parentes
893 550 926 608 di
948 550 1080 610 habendi
1098 560 1157 622 sunt,

117 650 226 707 Aether
245 659 275 706 et
297 649 378 718 Dies,
393 666 554 722 eommque
576 649 676 706 fratres
697 658 727 705 et
747 664 872 718 sorores,
895 647 949 722 qui
971 666 990 704 a
1010 648 1156 724 genealogis

116 747 241 819 antiquis
262 746 304 802 sic
326 746 522 814 nominantur,
544 747 644 815 Amor,
665 745 768 814 Dolus,
786 745 895 814 Metus,
913 745 1022 815 Labor,
1039 744 1156 803 Inviden-

116 844 164 912 tia,
182 844 295 912 Fatum,
311 843 460 911 Senectus,
477 842 568 911 Mors,
583 842 745 911 Tenebrae,
762 841 890 910 Miseria,
904 841 1054 914 Querella,
1065 841 1175 911 Gratias

118 940 215 1009 Fraus,
246 939 416 1008 Pertinacia,
446 940 563 1007 Parcae,
593 937 785 1012 Hesperides,
814 937 947 1008 Somnia,
976 956 1052 1012 quos
1078 937 1155 996 omnis

118 1037 215 1093 Erebo
237 1046 266 1092 et
288 1036 385 1092 Nocte
406 1045 490 1092 natos
512 1035 615 1092 lemnt.
658 1037 717 1091 Aut
741 1034 826 1108 igitur
851 1033 928 1090 haec
952 1045 1083 1092 monstra
1103 1051 1154 1109 pro

74 1110 216 1217 {ffbanda
236 1142 303 1189 sunt
323 1143 372 1189 aut
392 1132 485 1206 prima
509 1132 556 1188 illa
581 1130 719 1189 tollenda.
761 1129 864 1203 Quid?
904 1131 1081 1205 Apollinem,
1100 1130 1154 1188 Vol·

117 1247 232 1300 canum,
253 1229 441 1297 Mercurium,
457 1238 570 1286 ceteros
591 1228 665 1285 deos
685 1245 750 1285 esse
771 1226 863 1296 dices,
879 1225 919 1284 de
943 1229 1083 1300 Hercule,
1097 1230 1153 1285 Aes

116 1327 241 1400 culapio‚
269 1325 384 1394 Libero,
413 1325 545 1395 Castore,
575 1325 694 1382 Polluce
722 1322 883 1381 dubitatis?
924 1326 964 1382 At
992 1325 1023 1382 hi
1050 1323 1176 1401 quidem»

116 1424 251 1481 coluntur
271 1441 365 1496 aeque
387 1433 474 1496 atque
498 1422 545 1492 illi,
568 1421 649 1496 apud
674 1420 819 1495 quosdam
841 1420 931 1478 etiam
955 1421 1151 1496 multomagis.

117 1521 196 1594 Ergo
217 1520 247 1577 hi
268 1518 318 1576 dei
343 1530 409 1576 sunt
434 1519 563 1577 habendi
587 1519 757 1576 mortalibus
782 1517 841 1575 nati
866 1518 1009 1577 matribus
1017 1507 1035 1577 i*
1070 1516 1153 1592 Quid?

116 1618 273 1686 Aristaeus,
295 1617 346 1690 qui
366 1617 459 1674 olivae
480 1616 586 1674 dicitur
606 1616 748 1686 inventor,
769 1614 912 1689 Apollinis
933 1615 1018 1686 filius,
1039 1615 1152 1674 Theseus

117 1714 258 1788 Neptuni,
280 1713 390 1787 reliqui,
411 1733 537 1789 quomm
557 1724 654 1788 patres
675 1712 715 1782 di,
733 1730 793 1769 non
814 1720 900 1769 emnt
919 1713 952 1770 in
972 1712 1094 1771 deorum
1111 1730 1151 1770 nu·

116 1812 219 1868 mero?
251 1809 340 1884 Quid,
355 1828 480 1884 quorum
494 1811 621 1867 matres?
655 1810 778 1884 Opinor,
793 1809 882 1866 etiam
896 1810 1001 1885 magis.
1037 1812 1077 1870 Ut
1089 1809 1175 1871 enims

116 1908 176 1965 iure
199 1908 284 1978 civili,
299 1908 349 1982 qui
371 1918 415 1965 est
435 1918 526 1964 matre
546 1907 644 1976 libera,
659 1907 733 1964 liber
746 1917 799 1976 est,
814 1906 885 1963 item
898 1907 962 1965 iure
976 1918 1102 1979 naturae,
1114 1904 1152 1981 qui

116 2004 174 2062 dea
194 2015 285 2062 matre
307 2014 360 2074 est,
375 2002 449 2061 deus
470 2005 506 2061 sit
527 2021 648 2061 necesse
670 2013 723 2061 est.
766 2004 869 2078 Itaque
887 2003 1034 2063 Achillem
1048 2007 1152 2079 Astypa-

114 2101 246 2158 laeenses
267 2101 389 2158 insulani
410 2102 601 2158 sanctissume
623 2101 743 2172 colunt;
771 2100 867 2175 quisi
890 2100 965 2159 deus
987 2112 1041 2173 est,
1063 2113 1091 2160 et
1109 2100 1151 2160 01-

114 2198 207 2272 pheus
227 2207 256 2255 et
275 2198 390 2255 Rhesus
408 2196 438 2254 di
453 2208 529 2268 sunt,
546 2198 633 2254 Musa
648 2209 738 2254 matre
753 2197 822 2267 nati,
838 2197 894 2254 nisi
908 2197 984 2256 sorte
999 2199 1152 2256 maritumae

114 2295 233 2368 nuptiae
258 2295 378 2351 terrenis
402 2304 627 2368 anteponuntur.
669 2295 699 2352 Si
725 2293 754 2350 hi
777 2293 808 2350 di
829 2312 890 2351 non
911 2305 989 2366 sunt,
1012 2295 1080 2370 quia
1098 2309 1176 2351 nus-¹t

76 2406 103 2447 ta
115 2409 203 2464 quam
224 2391 367 2461 coluntur,
383 2409 442 2465 quo
464 2390 556 2448 modo
578 2391 615 2447 illi
635 2391 723 2448 sunt?
763 2389 839 2447 Vide
855 2390 950 2465 igitur,
964 2410 1003 2449 ne
1018 2390 1152 2450 virtutibus

114 2488 266 2545 hominum
280 2489 326 2546 isti
341 2489 467 2546 honores
479 2488 647 2558 habeantur,
659 2506 719 2544 non
734 2487 1019 2561 immortalitatibus;
1041 2486 1118 2564 quod
1128 2495 1152 2543 tu

114 2602 241 2659 quoque,
267 2586 364 2656 Balbe,
387 2586 463 2642 visus
488 2602 520 2643 es
543 2584 651 2643 dicere.
695 2585 764 2658 Quo
788 2585 879 2642 modo
902 2597 1005 2644 autem
1027 2597 1116 2663 potes,
1135 2581 1153 2640 si

114 2682 258 2739 Latonam
273 2681 359 2738 deam
374 2692 468 2756 putas,
485 2683 632 2739 Hecatam
646 2700 707 2738 non
722 2692 833 2756 putare,
849 2700 925 2756 quae
947 2693 1041 2742 matre
1055 2679 1153 2742 Asteria

114 2788 167 2847 est,
189 2796 287 2835 sorore
310 2779 460 2835 Latonae?
500 2781 545 2835 An
566 2779 639 2835 haec
654 2797 773 2853 quoque
791 2779 848 2836 dea
862 2780 928 2837 est?
948 2780 1075 2839 vidimus
1087 2778 1177 2836 enims

114 2875 176 2931 eius
197 2892 260 2930 aras
281 2873 461 2949 delubraque
483 2875 513 2932 in
535 2876 668 2933 Graecia.
711 2876 761 2933 Sin
782 2875 856 2932 haec
878 2875 937 2933 dea
957 2887 1011 2947 est,
1033 2895 1085 2934 cur
1103 2888 1153 2933 non

115 2969 303 3041 Eumenides,
329 2990 450 3046 quarum
478 2982 508 3029 et
532 2972 654 3030 Athenis
683 2973 783 3029 sanum
811 2981 855 3029 est
883 2981 913 3029 et
941 2972 1023 3048 apud
1047 2990 1107 3042 noe,
1129 2976 1154 3026 ut

114 3086 170 3142 ego
191 3068 370 3142 interpretor,
386 3072 468 3128 lucus
491 3071 625 3141 Furinae,
640 3069 715 3128 deae
737 3077 813 3139 sunt,
833 3070 1051 3144 speculatrices,
1067 3066 1154 3134 credo,

75 3176 101 3217 ⁴7
114 3175 143 3220 et
166 3163 297 3222 vindices
322 3166 484 3225 sacinomm
508 3178 537 3225 et
562 3166 689 3225 sceleris.
732 3165 847 3239 Quodsi
871 3165 946 3224 tales
967 3166 1018 3224 dei
1038 3175 1112 3236 sunt,
1130 3169 1155 3220 ut

112 3261 199 3318 rebus
220 3260 352 3319 humanis
374 3263 514 3334 intersint,
537 3264 626 3321 Natio
651 3280 769 3337 quoque
795 3261 852 3320 dea
872 3262 1005 3337 putanda
1033 3274 1085 3333 est,
1106 3258 1182 3327 cuis⁰

114 3375 182 3413 cum
209 3357 276 3414 fana
305 3359 490 3417 circumimus
519 3360 548 3417 in
577 3377 647 3434 agro
671 3359 799 3429 Ardeati,
822 3377 884 3416 rem
911 3358 1043 3417 divinam
1070 3360 1155 3416 tacere

114 3453 240 3510 solemus
252 3474 259 3524 ;
291 3472 367 3527 quae
395 3456 465 3530 quia
492 3466 590 3529 partus
619 3467 816 3513 matronarum
848 3464 971 3526 tueatur,
999 3474 1017 3513 a
1044 3469 1155 3513 nascen-

113 3549 190 3606 tibus
216 3549 304 3606 Natio
329 3552 480 3608 nominata
503 3561 555 3607 est.
599 3552 643 3608 Ea
667 3551 691 3608 si
715 3550 772 3608 dea
793 3562 845 3621 est,
867 3550 898 3609 di
919 3569 1024 3609 omnes
1044 3550 1093 3622 illi,
1113 3543 1156 3623 qui

114 3645 420 3703 commemorabantur
439 3665 457 3703 a
477 3655 518 3715 te,
540 3647 657 3717 Honos,
675 3646 771 3717 Fides,
787 3648 885 3716 Mens,
903 3647 1081 3718 Concordia,
1094 3658 1156 3720 ergo

114 3741 202 3798 etiam
229 3741 311 3816 Spes,
340 3741 465 3801 Moneta
498 3741 666 3818 omniaque,
696 3759 772 3818 quae
807 3744 985 3819 cogitatione
1019 3743 1184 3804 nobnmeta
