2504 4170
381 285 446 337 LIB.
459 285 508 337 111.
542 287 706 338 Cheli-IV.
741 289 771 352 §5
784 301 857 354 5·1o.
904 246 907 251 Ι
1081 289 1142 356 139

72 440 219 519 primum,
235 439 321 516 quod
340 441 414 499 inter
428 442 523 500 omnis
539 442 595 500 nisi
609 441 772 501 admodum
787 443 893 518 impios
908 443 1053 514 convenit,
1070 443 1142 500 mihi

75 537 204 614 quidem
220 556 260 595 ex
275 539 375 597 animo
389 539 485 597 excuti
499 556 560 597 non
574 549 681 614 potest,
697 558 761 598 esse
776 539 858 610 deos,
874 539 905 597 id
919 549 1019 596 tamen
1034 540 1140 614 ipsum,

75 634 163 712 quod
186 635 262 693 mihi
283 653 451 710 persuasum
473 645 516 694 est
536 637 707 694 auctoritate
722 637 873 705 maiorum,
890 654 942 693 cur
956 637 995 693 ita
1009 637 1054 705 sit,
1069 636 1142 693 nihil

75 739 111 791 tu
134 749 186 790 me
211 731 314 790 doces.
357 732 437 806 Quid
458 742 511 803 est,
533 734 627 807 inquit
649 734 764 803 Balbus,
780 734 804 790 si
825 733 876 791 tibi
898 751 1068 807 persuasum
1086 744 1140 804 est,

76 846 133 888 cur
147 847 167 887 a
182 847 231 887 me
246 828 317 886 velis
332 826 466 887 discere?
495 831 573 887 Tum
584 830 689 888 Cotta:
714 830 791 903 Quia
805 831 846 887 sic
861 829 1025 904 adgredior,
1038 831 1139 904 inquit,

77 925 120 985 ad
143 925 225 983 hanc
247 925 485 1000 disputationem,
508 927 591 1001 quasi
614 926 685 984 nihil
708 944 847 1001 umquam
870 925 1010 984 audierim
1034 926 1072 984 de
1096 927 1140 985 dis

76 1020 295 1093 inmortalibus
310 1021 381 1079 nihil
395 1023 601 1097 cogitaverim;
623 1022 727 1081 rudem
742 1041 790 1080 me
805 1033 834 1081 et
851 1023 996 1098 integrum
1011 1023 1139 1098 discipu-

76 1118 142 1179 lum
164 1119 270 1194 accipe
293 1127 323 1176 et
343 1136 386 1190 ea,
401 1137 477 1194 quae
498 1120 623 1195 requiro,
638 1119 724 1178 doce.
768 1121 826 1177 Dic
841 1121 934 1196 igitur,
951 1120 1051 1194 inquit,
1067 1120 1164 1195 quide

76 1217 223 1292 requiras.
264 1217 390 1292 Egone?
410 1217 534 1292 primum
549 1217 630 1288 illud,
646 1237 706 1289 cur,
722 1217 803 1292 quod
819 1218 847 1274 in
863 1218 917 1274 ista
931 1217 1086 1291 partitione
1101 1235 1138 1274 ne

59 1331 170 1390 tegere
192 1312 317 1388 quidem
336 1314 466 1371 oratione
486 1312 617 1385 dixisses,
633 1312 715 1389 quod
730 1324 806 1371 esset
820 1314 1007 1388 perspicuum
1022 1324 1051 1371 et
1066 1314 1140 1371 inter

77 1410 180 1469 omnis
196 1419 354 1482 constaret,
366 1409 404 1468 de
420 1427 456 1468 eo
471 1411 535 1485 ipso
549 1419 609 1468 tam
621 1411 712 1467 multa
725 1410 841 1467 dixeris.
874 1410 952 1484 Quia
966 1419 994 1467 te
1010 1429 1138 1485 quoque,

77 1505 186 1582 inquit,
211 1506 413 1577 animadverti,
437 1507 533 1577 Cotta,
557 1524 655 1582 saepe,
679 1526 747 1564 cum
770 1507 799 1564 in
821 1507 884 1564 soro
906 1507 1029 1578 diceres
1051 1526 1140 1581 quam

76 1603 216 1680 plurimis
230 1621 334 1679 posses
348 1604 523 1678 argumentis
537 1622 658 1662 onerare
672 1604 810 1674 iudicem,
825 1605 849 1661 si
864 1604 955 1662 modo
971 1623 1035 1661 eam
1051 1605 1139 1662 sacul-

77 1710 174 1760 tatem
195 1701 251 1759 tibi
272 1699 356 1758 daret
376 1719 472 1758 causa.
514 1703 610 1776 Atque
632 1701 690 1758 hoc
710 1701 790 1758 idem
805 1713 834 1758 et
848 1701 1016 1775 philosophi
1031 1702 1140 1759 faciunt

59 1806 110 1856 iet
125 1816 194 1874 eg0,
210 1806 243 1854 ut
257 1798 350 1872 potui,
365 1798 431 1856 feci.
473 1799 519 1855 Tu
533 1809 640 1869 autem,
656 1799 705 1873 qui
720 1797 751 1856 id
770 1799 893 1872 quaeris,
909 1798 1038 1856 similiter
1059 1799 1138 1863 facis,

77 1913 115 1953 ac
139 1894 165 1953 si
188 1912 240 1952 me
263 1912 356 1969 roges,
379 1904 481 1952 curte
504 1894 618 1953 duobus
642 1907 783 1952 contuear
803 1896 894 1952 oculis
917 1906 947 1952 et
967 1914 1027 1952 non
1049 1896 1139 1953 altero

77 1993 248 2062 coniveam,
265 2010 334 2049 cum
351 1991 431 2049 idem
445 2010 505 2049 uno
523 1991 644 2067 adsequi
658 1993 777 2066 possim.
819 1994 897 2050 Tum
911 1992 1017 2050 Cotta:
1041 1969 1170 2077 Quam}

76 2090 175 2148 simile
196 2088 277 2147 istud
297 2089 341 2159 sit,
357 2089 459 2164 inquit,
474 2098 505 2146 tu
519 2089 633 2147 videris,
677 2090 754 2146 Nam
770 2108 825 2164 ego
840 2108 936 2164 neque
951 2090 981 2147 in
996 2091 1099 2160 causis,
1115 2090 1138 2147 si

77 2185 154 2263 quid
177 2195 224 2244 est
246 2185 377 2256 evidens,
401 2184 439 2244 de
463 2205 523 2261 quo
546 2187 619 2243 inter
641 2187 736 2243 omnis
759 2187 922 2257 conveniat,
944 2187 1138 2260 argumentari

59 2285 163 2343 ·soleo
174 2304 183 2356 ;
209 2284 402 2359 perspicuitas
426 2284 505 2341 enim
528 2284 777 2358 argumentatione
802 2285 928 2340 elevatur
939 2303 947 2354 ;
972 2301 1038 2354 nec,
1061 2285 1084 2341 si
1107 2284 1138 2342 id

77 2381 210 2439 facerem
233 2381 265 2437 in
288 2380 383 2438 causis
405 2379 575 2450 forensibus,
599 2379 678 2437 idem
702 2380 828 2437 facerem
850 2381 880 2437 in
903 2380 959 2436 hac
982 2380 1137 2438 subtilitate

77 2477 235 2537 sermonis.
279 2477 339 2536 Cur
353 2478 503 2535 coniveres
519 2488 617 2534 autem
636 2477 727 2533 altero
748 2477 844 2547 oculo,
860 2495 948 2534 causa
969 2495 1029 2534 non
1050 2488 1136 2549 esset,

78 2593 150 2634 cum
172 2573 255 2632 idem
277 2573 395 2631 obtutus
413 2583 490 2632 esset
508 2575 671 2643 amborum,
687 2582 716 2630 et
730 2592 799 2630 cum
813 2592 909 2631 rerum
924 2584 1033 2643 natura,
1048 2593 1137 2649 quam

78 2681 111 2730 tu
126 2672 295 2746 sapientem
309 2688 372 2729 esse
385 2671 436 2742 vis,
452 2671 512 2729 duo
526 2670 637 2728 lumina
651 2670 688 2728 ab
702 2671 800 2728 animo
815 2670 854 2727 ad
873 2670 974 2728 oculos
993 2672 1138 2745 perforata

59 2786 134 2831 snos
158 2768 269 2826 habere
290 2768 436 2826 voluisset.
479 2767 538 2826 Sed
560 2768 630 2842 quia
653 2786 713 2825 non
738 2767 908 2825 confidebas
932 2777 992 2824 tam
1017 2787 1080 2825 esse
1106 2767 1137 2826 id

78 2865 281 2941 perspicuum,
296 2882 385 2939 quam
406 2875 437 2923 tu
451 2865 548 2936 velles,
570 2874 726 2939 propterea
747 2863 842 2921 multis
864 2853 1040 2938 argumentis
1063 2865 1136 2922 deos

79 2979 145 3021 esse
174 2961 287 3020 docere
314 2962 436 3020 voluisti.
488 2962 562 3020 Mihi
590 2962 669 3019 enim
697 2980 789 3018 unum
817 2971 861 3018 sat
889 2971 958 3031 erat,
984 2962 1024 3018 ita
1051 2963 1135 3020 nobis

78 3059 207 3117 maiores
228 3067 345 3116 nostros
365 3058 527 3117 tradidisse.
569 3058 628 3117 Sed
648 3068 679 3115 tu
697 3059 882 3116 auctoritates
903 3059 1076 3128 contemnis,
1091 3077 1133 3115 ra-

77 3155 160 3214 tione
183 3172 310 3230 pugnas.
353 3156 453 3212 Patere
477 3156 561 3230 igitur
582 3156 724 3212 rationem
748 3172 844 3211 meam
864 3173 931 3210 cum
953 3163 1003 3210 tua
1023 3154 1134 3211 ratione
1148 3167 1172 3206 1o

59 3273 67 3302 ³
79 3251 274 3312 contendere.
316 3250 419 3310 Adfers
433 3250 508 3309 haec
523 3253 622 3309 omnia
636 3261 814 3326 argumenta,
826 3269 878 3308 cur
891 3249 922 3307 di
936 3251 1002 3321 sint,
1013 3267 1134 3324 remque

79 3369 147 3409 mea
175 3348 324 3408 sententia
351 3349 471 3406 minime
500 3349 619 3406 dubiam
646 3347 878 3423 argumentando
906 3346 1026 3405 dubiam
1053 3346 1133 3404 facis.

79 3446 224 3505 Mandavi
244 3445 324 3502 enim
343 3445 499 3503 memoriae
519 3464 581 3503 non
594 3462 748 3502 numerum
762 3445 865 3515 solum,
881 3443 934 3502 sed
953 3444 1041 3501 etiam
1056 3444 1132 3500 ordi·

78 3561 148 3602 nem
173 3551 413 3618 argumentorum
438 3553 562 3601 tuorum.
605 3542 732 3599 Primum
756 3541 817 3610 suit,
844 3559 909 3597 cum
936 3539 1049 3596 caelum
1072 3558 1132 3596 sus-

77 3641 273 3717 pexissemus,
299 3639 394 3695 statim
418 3657 472 3696 nos
497 3638 663 3712 intellegere
692 3655 755 3694 esse
784 3634 904 3711 aliquod
928 3653 1047 3706 numen,
1073 3654 1133 3710 quo

59 3736 151 3797 rhaec
165 3744 316 3812 regantur.
359 3736 404 3792 Ex
418 3735 476 3793 hoc
490 3734 560 3792 illud
574 3736 680 3792 etiam:
