2504 4170
118 258 161 321 68
448 271 497 320 ns
517 270 666 320 unauna
686 269 847 322 osonum.

119 427 279 497 trinsecus3
311 444 386 500 quae
411 424 531 500 quidem
559 424 659 481 omnia
685 433 752 481 sunt
779 425 872 498 patria
894 423 1063 483 Democriti
1087 441 1171 500 quam

75 541 111 582 rar
121 523 293 581 Democrito
308 523 448 598 digniora.
491 522 565 595 Quis
579 521 657 577 enim
681 521 748 578 istas
768 521 909 595 imagines
930 522 1170 596 conprehendere

119 620 217 678 animo
231 620 349 694 potest?
366 621 430 693 quis
444 618 599 676 admirari?
620 618 684 696 quis
698 628 748 675 aut
762 619 841 676 cultu
857 628 906 675 aut
920 619 1061 693 religione
1073 619 1171 694 dignas

119 717 269 775 iudicare?
311 717 455 790 Epicurus
476 733 545 773 vero
568 733 604 771 ex
628 715 731 771 animis
753 715 906 772 hominum
925 716 1050 772 extraxit
1071 715 1172 773 radici·

120 826 165 873 tus
186 815 364 889 religionem,
380 832 449 870 cum
470 812 515 870 dis
537 812 737 869 inmortalibus
759 822 789 869 et
809 830 898 885 opem
918 823 947 870 et
966 813 1091 886 gratiam
1116 831 1193 873 sus-s

119 913 192 969 tulit.
235 912 311 970 Cum
334 912 413 968 enim
435 910 577 984 optimam
605 918 635 965 et
662 910 939 983 praestantissimam
967 919 1104 967 naturam
1129 909 1173 967 dei

120 1009 199 1068 dicat
224 1027 297 1079 esse,
318 1019 406 1083 negat
434 1007 513 1065 idem
537 1024 600 1064 esse
629 1007 659 1063 in
684 1006 742 1064 deo
767 1008 888 1081 gratiam
899 1027 908 1078 3
938 1007 1012 1064 tollit
1033 1004 1075 1078 id,
1096 1005 1173 1081 quod

120 1108 246 1164 maxime
279 1106 427 1181 proprium
457 1114 501 1162 est
530 1105 659 1178 optimae
690 1104 1014 1179 praestantissimaeque
1045 1113 1174 1161 naturae.

121 1204 201 1278 Quid
223 1204 301 1261 enim
323 1203 426 1260 melius
448 1211 497 1258 aut
510 1201 582 1277 quid
597 1201 789 1277 praestantius
805 1200 936 1258 bonitate
957 1209 987 1258 et
1005 1201 1173 1258 beneficen-

121 1302 180 1359 tia?
221 1302 378 1374 Quacum
401 1316 500 1355 carere
523 1298 613 1355 deum
630 1299 723 1368 vultis,
746 1297 896 1355 neminem
921 1296 980 1354 deo
1003 1316 1061 1355 nec
1087 1298 1200 1356 deum„

120 1416 177 1456 nec
201 1398 351 1456 hominem
375 1415 484 1466 carum,
507 1396 655 1452 neminem
677 1397 715 1453 ab
739 1412 776 1452 eo
797 1395 896 1465 amari,
921 1395 1073 1453 neminem
1099 1395 1176 1471 diligi

120 1496 213 1552 vultis.
257 1496 303 1552 Ita
326 1494 366 1564 fit,
391 1503 422 1550 ut
450 1510 509 1549 non
539 1491 630 1549 modo
660 1490 793 1548 homines
821 1509 839 1548 a
866 1490 939 1562 deis,
965 1489 1020 1548 sed
1049 1492 1106 1566 ipsi
1130 1492 1176 1550 dei

78 1593 196 1650 44inter
216 1610 248 1649 se
263 1591 300 1648 ab
314 1592 375 1647 aliis
396 1590 442 1647 alii
463 1589 661 1663 neglegantur.
704 1589 823 1662 Quanto
846 1589 935 1646 Stoici
959 1589 1074 1659 melius,
1090 1590 1177 1664 quia

120 1689 203 1746 vobis
227 1686 498 1762 reprehenduntur!
541 1687 673 1745 Censent
697 1696 796 1742 autem
825 1686 971 1760 sapientes
997 1687 1176 1760 sapientibus
1215 1720 1217 1725 ·

122 1787 210 1843 etiam
233 1786 338 1860 ignotis
360 1803 424 1842 esse
447 1784 567 1840 amicos.
611 1783 690 1840 Nihil
713 1792 756 1840 est
779 1784 858 1840 enim
879 1784 982 1840 virtute
1005 1785 1202 1855 amabilius5u

122 1902 210 1957 quam
225 1883 274 1956 qui
289 1858 413 1956 adeptus
431 1882 493 1950 erit,
508 1881 686 1953 ubicumque
708 1881 761 1937 erit
782 1881 922 1954 gentium,
938 1898 956 1936 a
975 1881 1062 1937 nobis
1078 1880 1177 1956 dilige·

77 1997 114 2038 raa
122 1991 175 2037 tur.
216 1981 277 2037 Vos
298 1990 397 2036 autem
418 1978 489 2053 quid
510 1978 576 2034 mali
598 1977 682 2047 datis,
697 1995 766 2033 cum
780 1978 811 2033 in
834 1977 1020 2034 inbecillitate
1035 1978 1177 2051 gratifica·

122 2079 232 2134 tionem
260 2086 290 2133 et
313 2076 538 2134 benivolentiam
563 2074 690 2148 ponitis!
732 2075 774 2132 Ut
796 2075 875 2130 enim
901 2074 1034 2131 omittam
1059 2075 1122 2132 vim
1150 2084 1177 2132 et

122 2184 253 2232 naturam
278 2173 410 2243 deorum,
435 2190 473 2230 ne
498 2171 632 2229 homines
657 2170 777 2245 quidem
806 2172 941 2241 censetis,
966 2171 1022 2227 nisi
1050 2171 1178 2230 inbecilli

123 2281 227 2340 essent,
242 2271 352 2328 suturos
373 2269 522 2327 beneficos
537 2278 567 2325 et
581 2268 724 2342 benignos
747 2267 856 2325 luisse?
898 2267 986 2324 Nulla
1007 2277 1053 2325 est
1074 2270 1206 2326 caritas„

122 2368 256 2424 naturalis
278 2369 352 2425 inter
371 2368 488 2425 bonos?
528 2366 657 2423 Carum
683 2366 778 2439 ipsum
802 2366 923 2423 verbum
943 2373 987 2422 est
1010 2367 1128 2437 amoris,
1144 2384 1181 2423 ex

123 2482 183 2538 quo
197 2464 340 2522 amicitiae
355 2482 465 2520 nomen
479 2472 523 2520 est
537 2462 680 2534 ductum,
702 2481 792 2537 quam
807 2464 830 2520 si
846 2462 884 2519 ad
899 2464 1024 2519 fructum
1046 2472 1178 2520 nostrum

122 2562 287 2630 reseremus,
309 2579 370 2617 non
392 2560 430 2617 ad
453 2560 525 2616 illius
550 2559 719 2630 commoda,
735 2578 824 2634 quem
850 2559 1013 2634 diligemus,
1035 2578 1099 2617 non
1128 2561 1179 2617 erit

122 2658 177 2714 ista
190 2657 324 2726 amicitia,
339 2656 392 2714 sed
407 2667 569 2713 mercatura
583 2657 729 2731 quaedam
749 2658 903 2714 utilitatum
924 2675 1050 2714 suarum.
1095 2659 1179 2714 Prata

123 2763 152 2811 et
173 2772 239 2810 arva
253 2763 282 2809 et
296 2753 445 2826 pecudum
467 2771 568 2827 greges
592 2754 749 2829 diliguntur
772 2755 828 2811 isto
848 2753 949 2823 modo,
965 2752 1047 2827 quod
1069 2753 1207 2811 fructosa

123 2868 159 2906 ex
190 2851 222 2908 iis
255 2849 417 2923 capiuntur,
445 2850 599 2908 hominum
628 2852 731 2909 caritas
760 2860 788 2908 et
817 2850 945 2907 amicitia
973 2850 1098 2923 gratuita
1127 2861 1177 2908 est.

124 2947 242 3020 Quanto
264 2946 349 3020 igitur
369 2947 460 3021 magis
481 2946 613 3019 deorum,
636 2949 688 3022 qui
708 2949 787 3005 nulla
808 2966 839 3005 re
862 2957 982 3022 egentes
1001 2955 1030 3004 et
1048 2947 1126 3005 inter
1147 2965 1190 3011 se¹

123 3043 244 3117 diligunt
260 3053 289 3099 et
303 3043 468 3101 hominibus
491 3045 665 3103 consulunt!
704 3045 794 3119 Quod
807 3045 837 3102 ni
851 3045 891 3102 ita
904 3045 949 3114 sit,
964 3042 1036 3117 quid
1057 3061 1177 3102 venera·

123 3159 195 3210 mur,
210 3139 282 3213 quid
305 3157 460 3214 precamur
480 3141 576 3199 deos?
595 3160 648 3198 cur
667 3143 756 3200 sacris
780 3141 944 3216 pontifices,
966 3159 1018 3197 cur
1040 3141 1179 3216 auspiciis

122 3254 244 3312 augures
272 3239 430 3311 praesunt?
456 3238 528 3313 quid
556 3248 692 3313 optamus
719 3257 737 3296 a
764 3239 827 3297 deis
856 3238 1077 3296 inmortalibus?
1106 3238 1209 3314 quida0

80 3335 282 3398 123vovemus?
322 3336 360 3392 At
374 3335 462 3392 etiam
477 3336 549 3393 liber
568 3345 611 3393 est
629 3336 748 3410 Epicuri
770 3335 807 3393 de
829 3336 990 3393 sanctitate.
1035 3335 1179 3394 Ludimur

21 3440 24 3445 '
123 3431 160 3488 ab
174 3431 293 3488 homine
308 3449 368 3489 non
382 3440 442 3490 tam
456 3432 552 3489 laceto
569 3449 657 3505 quam
678 3431 717 3489 ad
738 3431 884 3490 scribendi
905 3431 1053 3489 licentiam
1075 3432 1177 3493 libero.

124 3529 208 3602 Quae
231 3529 310 3585 enim
332 3537 430 3602 potest
451 3545 516 3586 esse
539 3528 685 3597 sanctitas,
707 3529 731 3585 si
752 3528 801 3585 dei
822 3529 950 3585 bumana
971 3546 1032 3585 non
1053 3531 1179 3588 curant?

124 3643 199 3699 quae
227 3636 326 3682 autem
349 3624 481 3681 animans
505 3633 608 3680 natura
631 3624 702 3681 nihil
724 3625 850 3681 curans?
890 3625 994 3681 Verius
1019 3634 1064 3682 est
1092 3626 1179 3701 igitur

37 3803 38 3807 Ἰ
124 3723 259 3781 nimirum
287 3719 367 3791 illud,
394 3720 476 3796 quod
503 3719 647 3779 familiaris
675 3721 807 3779 omnium
834 3730 966 3779 nostrum
999 3721 1210 3785 Posidonius

1176 3915 1187 3951 l,

1171 3948 1190 4015 l*
