2504 4170
121 231 164 294 86
450 248 498 298 oa
517 249 662 300 unauna
685 249 844 302 osonum

120 419 208 476 quam
223 400 274 460 diu
287 411 420 461 remanet
434 402 463 461 in
478 403 572 474 nobis,
587 411 647 462 tam
662 403 713 462 diu
728 422 829 463 sensus
843 413 874 463 et
887 404 948 464 vita
961 416 1118 482 remanet3
1138 426 1176 467 re-

119 499 253 574 frigerato
267 511 366 558 autem
381 509 411 558 et
424 501 554 558 extincto
569 501 664 559 calore
680 502 843 560 occidimus
857 503 913 578 ipsi
928 514 959 561 et
973 505 1177 580 extinguimur.

81 608 106 650 24
120 596 211 670 Quod
224 596 345 672 quidem
360 596 518 656 Cleanthes
540 598 583 656 his
604 599 692 656 etiam
707 600 882 674 argumentis
897 599 999 671 docet,
1016 604 1176 676 quantavis

118 693 185 751 insit
200 695 303 752 caloris
318 696 348 752 in
363 696 444 753 omni
458 714 600 771 corpore:
623 706 711 771 negat
725 697 803 754 enim
819 714 882 754 esse
897 697 991 755 ullum
1005 699 1108 757 cibum
1122 710 1177 757 tam

118 809 245 866 gravem,
273 793 344 866 quin
371 794 395 851 is
422 804 511 851 nocte
536 803 566 850 et
593 792 641 851 die
669 803 890 869 concoquatur;
921 794 1006 853 cuius
1033 796 1125 854 etiam
1151 797 1198 855 ins

118 889 245 964 reliquiis
259 890 335 948 inest
349 890 428 948 calor
442 891 484 962 iis,
499 909 571 965 quas
592 901 694 949 natura
714 890 863 966 respuerit.
908 892 974 948 Iam
996 909 1068 951 vero
1090 911 1176 952 venae

118 994 149 1043 et
174 987 294 1044 arteriae
319 988 428 1046 micare
452 1005 513 1046 non
536 987 673 1046 desinunt
699 988 781 1063 quasi
809 986 941 1061 quodam
969 989 1060 1065 igneo
1089 1001 1175 1062 motu,

118 1083 411 1160 animadversumque
450 1103 538 1161 saepe
577 1095 629 1156 est,
669 1104 738 1142 cum
774 1103 826 1142 cor
862 1085 1021 1144 animantis
1059 1087 1175 1146 alicuius

119 1181 249 1239 evolsum
270 1182 310 1240 ita
330 1183 475 1241 mobiliter
495 1183 656 1258 palpitaret,
685 1191 717 1240 ur
745 1182 904 1241 imitaretur
931 1183 1051 1259 igneam
1079 1185 1174 1243 celeri·

118 1287 218 1337 tatem.
260 1279 358 1338 Omne
373 1280 467 1355 igitur,
482 1279 563 1355 quod
576 1281 653 1350 vivit,
669 1280 728 1338 sive
749 1279 856 1338 animal
876 1279 937 1338 sive
958 1289 1036 1339 terra
1057 1281 1202 1353 editumu

118 1374 149 1433 id
173 1376 242 1434 vivit
265 1387 385 1452 propter
408 1377 552 1435 inclusum
580 1378 610 1434 in
638 1395 674 1434 eo
705 1377 841 1436 calorem.
886 1379 932 1435 Ex
960 1396 1021 1453 quo
1050 1379 1175 1455 intellegi

118 1470 209 1530 debet
223 1492 288 1530 earn
304 1473 406 1532 caloris
420 1483 552 1531 naturam
566 1475 624 1531 vim
640 1474 747 1532 habere
764 1474 795 1533 in
810 1494 841 1533 se
856 1475 974 1533 vitalem
989 1495 1174 1551 peromnem

79 1582 106 1623 st
118 1571 263 1629 mundum
275 1573 480 1647 pertinentem.
522 1575 617 1646 Atque
633 1572 663 1630 id
678 1573 789 1631 facilius
809 1591 964 1631 cernemus
985 1584 1049 1633 toto
1071 1593 1176 1651 genere

118 1667 176 1726 hoc
204 1669 301 1744 igneo,
329 1669 411 1744 quod
438 1679 532 1726 tranat
559 1671 667 1740 omnia,
696 1670 827 1728 subtilius
855 1670 1011 1745 explicato.
1064 1673 1176 1732 Omnes

118 1765 204 1841 igitur
230 1777 325 1841 partes
354 1765 457 1824 mundi
489 1768 621 1841 (tangam
650 1777 748 1824 autem
774 1765 929 1842 maximas)
963 1769 1061 1826 calore
1088 1771 1174 1828 fultae
1185 1790 1202 1829 ιε

118 1863 303 1921 sustinentur.
346 1862 436 1937 Quod
458 1863 583 1937 primum
608 1864 638 1920 in
663 1873 777 1921 terrena
797 1873 899 1921 natura
918 1866 1049 1941 perspici
1070 1877 1175 1942 potest

119 1960 197 2018 Nam
222 1969 251 2018 et
275 1959 406 2034 lapidum
430 1959 568 2017 conflictu
589 1970 677 2035 atque
696 1961 763 2018 tritu
784 1961 850 2019 elici
871 1961 970 2035 ignem
990 1962 1128 2023 videmus
1148 1974 1176 2023 et

117 2058 229 2116 recenti
243 2058 369 2116 fossione
383 2067 487 2114 terram
502 2058 612 2116 fumare
627 2058 780 2129 calentem,
803 2068 890 2132 atque
911 2058 1002 2117 etiam
1023 2079 1062 2118 ex
1082 2062 1175 2138 puteis

118 2155 232 2230 iugibus
257 2173 363 2229 aquam
388 2154 513 2211 calidam
536 2154 619 2226 trahi,
644 2163 675 2212 et
698 2154 730 2211 id
753 2156 878 2212 maxime
906 2155 968 2214 fieri
993 2160 1176 2234 temporibus

117 2251 254 2323 hibernis,
280 2251 361 2326 quod
386 2270 493 2326 magna
516 2251 558 2309 vis
582 2262 675 2309 terrae
704 2252 833 2310 cavernis
862 2252 1049 2314 contineatur
1072 2257 1206 2316 caloris„

117 2368 211 2425 eaque
226 2349 322 2407 hieme
338 2349 374 2406 sit
388 2348 507 2406 densior
520 2349 560 2406 ob
574 2366 699 2423 eamque
714 2367 834 2407 causam
854 2349 983 2408 calorem
1004 2351 1127 2413 insitum
1148 2355 1176 2413 in

75 2425 199 2532 &terris
224 2447 374 2504 contineat
397 2447 493 2504 artius.
537 2447 640 2521 Longa
664 2456 707 2503 est
731 2447 823 2504 oratio
846 2447 1014 2522 multaeque
1037 2451 1174 2524 rationes,

118 2545 222 2620 quibus
237 2543 338 2601 doceri
352 2542 443 2617 possit
456 2542 564 2614 omnia,
579 2561 655 2617 quae
675 2553 750 2600 terra
770 2545 918 2619 concipiat
939 2546 1062 2619 semina,
1086 2566 1175 2624 quae·

117 2660 175 2716 que
190 2641 253 2716 ipsa
267 2658 348 2698 exse
366 2649 504 2714 generata
523 2640 659 2714 stirpibus
680 2640 769 2697 infixa
790 2642 948 2713 contineat,
970 2660 1007 2701 ea
1027 2653 1174 2722 tempera-

117 2740 196 2797 tione
233 2738 335 2796 caloris
373 2745 403 2794 et
436 2736 502 2794 oriri
534 2746 564 2795 et
601 2755 768 2812 augescere.
820 2740 916 2813 Atque
953 2758 1049 2814 aquae
1086 2744 1206 2810 etiamn

117 2835 279 2894 admixtum
300 2852 365 2892 esse
386 2833 513 2891 calorem
535 2834 661 2909 primum
675 2834 738 2909 ipse
759 2834 854 2909 liquor
874 2855 967 2911 aquae
993 2836 1127 2899 declarat
1146 2851 1175 2899 et

117 2933 200 3003 fusio,
216 2949 291 3005 quae
305 2948 403 3006 neque
417 2930 612 3005 conglaciaret
632 2931 783 3006 frigoribus
804 2951 901 3008 neque
922 2934 988 2991 nive
1010 2936 1174 3013 pruinaque

118 3038 329 3099 concresceret,
344 3027 399 3084 nisi
414 3027 519 3085 eadem
533 3047 564 3085 se
578 3028 710 3087 admixto
724 3028 820 3087 calore
835 3028 990 3105 liquefacta
1009 3041 1039 3090 et
1061 3032 1176 3111 dilapsa

117 3123 301 3184 diffunderet.
345 3126 448 3199 Itaque
476 3133 506 3182 et
527 3125 710 3199 aquilonibus
738 3126 913 3201 reliquisque
941 3127 1097 3203 frigoribus
1123 3131 1174 3190 ad·

117 3224 231 3281 strictus
252 3221 380 3280 durescit
400 3239 493 3292 umor,
514 3231 544 3279 et
564 3221 645 3279 idem
665 3223 792 3280 vicissim
813 3224 938 3281 mollitur
959 3226 1125 3300 tepefactus
1146 3239 1208 3295 etro

116 3318 239 3378 tabescit
253 3318 358 3376 calore.
373 3364 380 3377 ,
400 3320 496 3392 Atque
512 3319 600 3376 etiam
614 3319 705 3376 maria
719 3321 825 3395 agitata
839 3322 931 3379 ventis
948 3323 987 3379 ita
1007 3332 1175 3399 tepescunt,

116 3427 148 3473 ut
169 3415 296 3490 intellegi
316 3414 400 3473 facile
421 3417 513 3489 possit
534 3417 563 3472 in
587 3417 672 3473 tantis
695 3417 748 3475 illis
771 3419 920 3476 umoribus
940 3437 1003 3476 esse
1026 3421 1175 3482 inclusum

118 3515 254 3570 calorem.
296 3515 362 3572 Nec
381 3511 460 3568 enim
478 3514 525 3571 ille
545 3522 680 3570 externus
702 3527 731 3572 et
752 3513 932 3574 adventicius
954 3516 1110 3578 habendus
1131 3531 1176 3581 est

117 3618 210 3684 tepor,
228 3608 281 3667 sed
300 3629 337 3669 ex
353 3609 462 3668 intimis
484 3610 568 3668 maris
591 3609 718 3682 partibus
739 3611 895 3686 agitatione
917 3615 1068 3687 excitatus,
1090 3616 1174 3693 quod

117 3702 225 3766 nostris
237 3725 354 3784 quoque
370 3706 541 3780 corporibus
555 3706 707 3780 contingit,
728 3726 797 3767 cum
818 3719 900 3768 motu
922 3721 1009 3796 atque
1031 3714 1209 3783 exercita-3
