2504 4170
128 249 190 315 166
453 262 502 314 nn
522 263 668 316 unauna
689 264 848 318 nnonuu.

240 419 374 477 Poenis
395 417 543 476 luendis
564 417 712 478 dabitur
732 420 845 479 satias
866 422 1058 498 supplici?

84 597 108 640 n
121 585 229 644 Utrum
256 583 363 658 poetae
392 582 507 642 Stoicos
529 581 723 658 depravarint,
744 603 783 642 an
810 586 900 644 Stoici
928 587 1025 661 poetis
1045 587 1153 646 dederint

122 681 335 750 auctoritatem,
349 696 410 737 non
426 679 510 736 facile
525 679 668 753 dixerim3
690 691 826 756 portenta
846 683 926 740 enim
946 683 984 741 ab
1001 685 1118 759 utrisque
1133 691 1154 741 et

121 777 228 852 flagitia
241 777 386 836 dicuntur.
430 777 536 851 Neque
555 778 644 848 enim,
659 796 748 852 quem
763 780 963 854 Hipponactis
985 781 1094 840 iambus
1110 781 1152 838 lae·

120 884 205 945 serat,
220 886 270 934 aut
284 875 334 949 qui
353 883 415 931 erat
432 873 600 931 Archilochi
617 892 702 933 versu
719 875 892 946 volneratus,
910 894 930 933 a
946 875 1007 935 deo
1027 878 1171 935 inmissuus

121 972 264 1044 dolorem,
275 989 337 1030 non
348 980 526 1046 conceptum
541 989 559 1028 a
572 989 603 1028 se
619 971 683 1046 ipso
698 972 876 1043 continebat,
888 990 955 1044 nec,
968 993 1038 1032 cum
1048 973 1154 1050 Aegisthi

120 1068 272 1128 libidinem
292 1079 343 1127 aut
363 1086 432 1126 cum
454 1067 565 1126 Paridis
581 1067 724 1139 videmus,
742 1087 760 1126 a
776 1068 834 1126 deo
855 1087 975 1128 causam
996 1072 1153 1146 requirimus,

120 1185 190 1224 cum
209 1167 313 1241 culpae
331 1183 425 1240 paene
439 1183 544 1222 vocem
563 1164 726 1235 audiamus,
741 1183 797 1223 nec
818 1183 874 1240 ego
897 1167 1057 1226 multorum
1075 1184 1154 1243 aegro

119 1281 185 1321 rum
208 1263 332 1321 salutem
356 1279 417 1320 non
441 1247 480 1318 ab
502 1262 686 1336 Hippocrate
711 1263 918 1337 potiusquam
942 1264 980 1322 ab
1002 1263 1154 1339 Aesculapio

121 1360 221 1418 datam
242 1359 352 1429 iudico,
373 1376 430 1416 nec
453 1357 757 1416 Lacedaemoniorum
778 1358 964 1434 disciplinam
986 1361 1083 1420 dicam
1107 1378 1177 1418 unu

120 1476 209 1533 quam
223 1457 261 1515 ab
275 1455 411 1531 Apolline
425 1456 523 1530 potius
538 1457 658 1530 Spartae
673 1473 762 1530 quam
776 1474 793 1512 a
808 1456 943 1532 Lycurgo
958 1457 1070 1517 datam.
1108 1457 1154 1518 Cri·

119 1554 223 1624 tolaus,
235 1554 364 1628 inquam,
375 1553 478 1610 evertit
489 1552 672 1623 Corinthum,
686 1552 898 1627 Karthaginem
912 1555 1090 1615 Hasdrubal.
1126 1552 1156 1612 lli

120 1650 182 1709 duo
203 1650 266 1709 illos
287 1650 388 1708 oculos
408 1667 478 1707 orae
501 1650 672 1707 maritumae
693 1649 866 1721 effoderunt,
887 1669 949 1709 non
970 1652 1059 1712 iratus
1077 1650 1155 1728 aliqui,

82 1766 209 1824 nequem
233 1748 355 1806 omnino
376 1746 461 1804 irasci
482 1764 569 1821 posse
591 1748 712 1821 negatis,
730 1746 812 1805 deus
855 1750 894 1806 At
917 1749 1072 1810 subvenire
1095 1757 1156 1808 certe

74 1845 217 1920 Bllpotuit
244 1853 274 1902 et
301 1861 472 1902 conservare
497 1844 576 1901 urbis
600 1853 694 1902 tantas
719 1853 807 1920 atque
831 1845 895 1902 talis
906 1866 915 1918 ;
938 1865 992 1904 vos
1018 1850 1095 1907 enim
1115 1845 1156 1924 ipsi
1164 1864 1179 1905 u

119 1941 219 2000 dicere
240 1942 339 2000 soletis
360 1941 431 1999 nihil
452 1958 527 2011 esse,
542 1940 623 2015 quod
637 1940 711 2000 deus
731 1942 847 2001 efficere
868 1960 929 2000 non
950 1947 1053 2019 possit,
1068 1944 1156 2022 etqui·

120 2038 191 2097 dem
205 2038 268 2097 sine
282 2039 381 2097 labore
396 2038 475 2109 ullo;
497 2047 529 2096 ut
546 2039 626 2096 enim
643 2038 796 2097 hominum
812 2041 944 2099 membra
958 2044 1039 2102 nulla
1053 2055 1156 2103 conten·

118 2137 201 2195 tione
222 2144 320 2194 mente
342 2136 406 2211 ipsa
424 2153 459 2192 ac
478 2135 626 2193 voluntate
648 2145 828 2208 moveantur,
846 2138 888 2194 sic
908 2140 1032 2199 numine
1053 2142 1158 2200 deorum

118 2234 220 2292 omnia
239 2233 319 2310 fingi,
333 2233 444 2291 moveri
464 2233 628 2308 mutarique
649 2251 747 2308 posse.
789 2235 896 2309 Neque
911 2235 942 2294 id
957 2236 1055 2298 dicitis
1076 2255 1158 2316 super·

119 2331 230 2390 stitiose
246 2340 335 2406 atque
351 2331 472 2401 aniliter,
487 2329 541 2388 sed
561 2330 683 2405 physica
703 2332 907 2408 constantique
928 2335 1043 2395 ratione
1053 2358 1063 2411 ;
1084 2348 1185 2396 mate-¹⁰

117 2428 191 2487 riam
214 2428 293 2486 enim
318 2445 423 2498 rerum,
445 2444 482 2484 ex
505 2445 564 2502 qua
587 2437 618 2485 et
641 2428 672 2485 in
696 2430 878 2504 quaomnia
901 2431 967 2503 sint,
994 2443 1087 2494 totam
1109 2450 1160 2494 esse

118 2524 275 2584 flexibilem
294 2534 326 2583 et
344 2523 591 2595 commutabilem,
606 2533 638 2581 ut
652 2525 724 2582 nihil
738 2526 783 2597 sit,
798 2526 880 2601 quod
894 2546 954 2586 non
970 2548 1007 2588 ex
1023 2551 1060 2590 ea
1073 2551 1160 2610 quam·

117 2623 161 2681 vis
181 2623 279 2681 subito
299 2621 370 2697 fingi
391 2621 579 2696 convertique
597 2623 689 2698 possit
699 2643 708 2695 ;
729 2624 792 2682 eius
806 2634 905 2683 autem
919 2628 1073 2690 universae
1088 2629 1161 2690 fictri-

118 2737 185 2776 cem
207 2728 237 2776 et
257 2718 481 2778 moderatricem
496 2718 625 2778 divinam
645 2738 709 2778 esse
728 2720 942 2795 providentiam
952 2745 961 2797 ;
985 2726 1063 2786 hanc
1082 2731 1163 2806 igitur,

117 2833 306 2891 quocumque
328 2832 359 2873 se
381 2825 507 2887 moveat,
530 2817 645 2875 efficere
671 2835 768 2892 posse,
787 2817 929 2893 quicquid
948 2824 1027 2883 velit.
1071 2829 1192 2903 Itaqueas

73 2969 89 2985 ,
117 2922 168 2971 aut
188 2912 292 2984 nescit,
309 2910 381 2986 quid
401 2913 503 2986 possit,
520 2922 570 2971 aut
590 2913 783 2989 neglegit-res
805 2915 946 2976 humanas
967 2932 1026 2994 aut,
1046 2924 1116 3000 quid
1135 2924 1165 2983 sit

80 3032 105 3074 aa
118 3009 273 3085 optimum,
293 3025 355 3065 non
375 3017 473 3082 potest
494 3009 632 3070 iudicare.
675 3011 746 3069 Non
770 3021 852 3070 curat
875 3015 1004 3090 singulos
1030 3021 1164 3080 homines.

118 3107 189 3165 Non
218 3105 342 3176 mirum;
370 3121 409 3161 ne
434 3106 565 3164 civitates
594 3104 725 3183 quidem.
777 3109 846 3167 Non
871 3114 942 3171 eas?
973 3133 1012 3174 ne
1040 3121 1166 3178 nationes

116 3202 239 3278 quidem
255 3213 285 3260 et
301 3209 413 3276 gentes.
457 3202 573 3276 Quodsi
596 3205 647 3262 has
669 3205 757 3263 etiam
779 3216 958 3282 contemnet,
974 3214 1047 3287 quid
1068 3217 1166 3275 mirum

116 3308 162 3357 est
182 3316 270 3358 omne
292 3298 330 3356 ab
346 3315 383 3355 ea
403 3315 495 3372 genus
517 3299 679 3359 humanum
693 3319 757 3360 esse
772 3311 998 3381 contemptum?
1039 3312 1099 3372 Sed
1113 3327 1196 3390 quor⁰

116 3395 209 3455 modo
225 3396 316 3454 iidem
330 3393 426 3452 dicitis
447 3413 508 3454 non
528 3399 628 3455 omnia
642 3397 715 3455 deos
731 3402 877 3476 persequi,
892 3402 983 3462 iidem
996 3408 1082 3468 voltis
1096 3430 1114 3468 a
1127 3410 1167 3469 dis

115 3493 315 3552 inmortalibus
343 3490 510 3551 hominibus
531 3492 675 3569 dispertiri
703 3514 739 3552 ac
760 3495 851 3556 dividi
879 3503 1013 3561 somnia?
1055 3507 1166 3566 Idcirco

115 3589 190 3649 haec
210 3601 319 3661 tecum,
342 3586 411 3662 quia
431 3600 526 3647 vestra
549 3601 593 3648 est
613 3591 651 3649 de
672 3593 851 3652 somniorum
873 3598 993 3657 veritate
1017 3606 1167 3664 sententia.

87 3752 97 3767 .
115 3687 212 3765 Atque
227 3686 318 3747 iidem
333 3683 421 3742 etiam
436 3695 504 3743 vota
517 3687 626 3764 suscipi
637 3678 733 3746 dicitis
748 3702 892 3766 oportere.
935 3695 1053 3776 Nempe
1068 3701 1168 3779 singul
