<?xml version="1.0" encoding="UTF-8"?>
<!DOCTYPE html PUBLIC "-//W3C//DTD XHTML 1.0 Transitional//EN"
    "http://www.w3.org/TR/xhtml1/DTD/xhtml1-transitional.dtd">
<html xmlns="http://www.w3.org/1999/xhtml" xml:lang="en" lang="en">
 <head>
  <title>
</title>
<meta http-equiv="Content-Type" content="text/html;charset=utf-8" />
  <meta name='ocr-system' content='tesseract 3.04.00' />
  <meta name='ocr-capabilities' content='ocr_page ocr_carea ocr_par ocr_line ocrx_word'/>
</head>
<body>
  <div class='ocr_page' id='page_1' title='image "./mtulliiciceroni01schgoog_0068.png"; bbox 0 0 2504 4170; ppageno 0'>
   <div class='ocr_carea' id='block_1_1' title="bbox 332 286 1173 356">
    <p class='ocr_par' dir='ltr' id='par_1_1' title="bbox 332 286 1173 356">
     <span class='ocr_line' id='line_1_1' title="bbox 332 286 1173 356; baseline 0 -20"><span class='ocrx_word' id='word_1_1' title='bbox 332 288 397 336; x_wconf 77' lang='lat' dir='ltr'>Lis.</span> <span class='ocrx_word' id='word_1_2' title='bbox 415 287 435 336; x_wconf 93' lang='lat'>1.</span> <span class='ocrx_word' id='word_1_3' title='bbox 469 287 530 335; x_wconf 72' lang='lat' dir='ltr'>cn.</span> <span class='ocrx_word' id='word_1_4' title='bbox 543 287 655 345; x_wconf 85' lang='lat' dir='ltr'>xxxu,</span> <span class='ocrx_word' id='word_1_5' title='bbox 668 287 795 335; x_wconf 84' lang='lat' dir='ltr'>xxxui.</span> <span class='ocrx_word' id='word_1_6' title='bbox 830 288 860 350; x_wconf 64' lang='lat' dir='ltr'>§s</span> <span class='ocrx_word' id='word_1_7' title='bbox 873 286 963 351; x_wconf 50' lang='lat'>88433.</span> <span class='ocrx_word' id='word_1_8' title='bbox 1133 288 1173 356; x_wconf 83' lang='lat'>59</span> 
     </span>
    </p>
   </div>
   <div class='ocr_carea' id='block_1_2' title="bbox 67 439 1210 3140">
    <p class='ocr_par' dir='ltr' id='par_1_2' title="bbox 67 439 1210 3140">
     <span class='ocr_line' id='line_1_2' title="bbox 115 439 1173 517; baseline 0.001 -17"><span class='ocrx_word' id='word_1_9' title='bbox 115 459 236 517; x_wconf 87' lang='lat' dir='ltr'>semper</span> <span class='ocrx_word' id='word_1_10' title='bbox 264 442 387 512; x_wconf 86' lang='lat' dir='ltr'>suerunt,</span> <span class='ocrx_word' id='word_1_11' title='bbox 415 440 477 498; x_wconf 88' lang='lat' dir='ltr'>nati</span> <span class='ocrx_word' id='word_1_12' title='bbox 504 455 664 514; x_wconf 83' lang='lat' dir='ltr'>numquam</span> <span class='ocrx_word' id='word_1_13' title='bbox 693 449 769 510; x_wconf 91' lang='lat' dir='ltr'>sunt,</span> <span class='ocrx_word' id='word_1_14' title='bbox 794 439 940 515; x_wconf 86' lang='lat' dir='ltr'>siquidem</span> <span class='ocrx_word' id='word_1_15' title='bbox 969 443 1078 500; x_wconf 90' lang='lat' dir='ltr'>aeterni</span> <span class='ocrx_word' id='word_1_16' title='bbox 1106 452 1173 501; x_wconf 90' lang='lat' dir='ltr'>sunt</span> 
     </span>
     <span class='ocr_line' id='line_1_3' title="bbox 115 537 1171 616; baseline 0.002 -20"><span class='ocrx_word' id='word_1_17' title='bbox 115 540 222 612; x_wconf 81' lang='lat' dir='ltr'>suturi3</span> <span class='ocrx_word' id='word_1_18' title='bbox 246 549 275 596; x_wconf 90' lang='lat' dir='ltr'>at</span> <span class='ocrx_word' id='word_1_19' title='bbox 290 539 428 616; x_wconf 26' lang='lat' dir='ltr'>homines·</span> <span class='ocrx_word' id='word_1_20' title='bbox 437 537 517 610; x_wconf 87' lang='lat' dir='ltr'>nati;</span> <span class='ocrx_word' id='word_1_21' title='bbox 539 549 606 595; x_wconf 92' lang='lat' dir='ltr'>ante</span> <span class='ocrx_word' id='word_1_22' title='bbox 621 539 706 612; x_wconf 87' lang='lat' dir='ltr'>igitur</span> <span class='ocrx_word' id='word_1_23' title='bbox 720 537 848 594; x_wconf 90' lang='lat' dir='ltr'>humana</span> <span class='ocrx_word' id='word_1_24' title='bbox 861 539 956 595; x_wconf 80' lang='lat' dir='ltr'>forma</span> <span class='ocrx_word' id='word_1_25' title='bbox 969 557 1057 613; x_wconf 89' lang='lat' dir='ltr'>quam</span> <span class='ocrx_word' id='word_1_26' title='bbox 1078 541 1171 598; x_wconf 91' lang='lat' dir='ltr'>homi·</span> 
     </span>
     <span class='ocr_line' id='line_1_4' title="bbox 114 634 1171 710; baseline 0.002 -17"><span class='ocrx_word' id='word_1_27' title='bbox 114 654 167 693; x_wconf 92' lang='lat' dir='ltr'>nes</span> <span class='ocrx_word' id='word_1_28' title='bbox 196 653 242 706; x_wconf 89' lang='lat' dir='ltr'>ea,</span> <span class='ocrx_word' id='word_1_29' title='bbox 268 653 328 710; x_wconf 86' lang='lat' dir='ltr'>qua</span> <span class='ocrx_word' id='word_1_30' title='bbox 355 644 437 692; x_wconf 90' lang='lat' dir='ltr'>erant</span> <span class='ocrx_word' id='word_1_31' title='bbox 463 635 557 693; x_wconf 85' lang='lat' dir='ltr'>forma</span> <span class='ocrx_word' id='word_1_32' title='bbox 584 634 615 691; x_wconf 95' lang='lat' dir='ltr'>di</span> <span class='ocrx_word' id='word_1_33' title='bbox 643 634 817 691; x_wconf 90' lang='lat' dir='ltr'>inmortales.</span> <span class='ocrx_word' id='word_1_34' title='bbox 863 634 932 691; x_wconf 92' lang='lat' dir='ltr'>Non</span> <span class='ocrx_word' id='word_1_35' title='bbox 961 653 1030 710; x_wconf 87' lang='lat' dir='ltr'>ergo</span> <span class='ocrx_word' id='word_1_36' title='bbox 1059 638 1171 695; x_wconf 91' lang='lat' dir='ltr'>illorum</span> 
     </span>
     <span class='ocr_line' id='line_1_5' title="bbox 114 728 1172 802; baseline 0.003 -13"><span class='ocrx_word' id='word_1_37' title='bbox 114 732 246 790; x_wconf 88' lang='lat' dir='ltr'>humana</span> <span class='ocrx_word' id='word_1_38' title='bbox 267 732 370 802; x_wconf 82' lang='lat' dir='ltr'>forma,</span> <span class='ocrx_word' id='word_1_39' title='bbox 393 729 447 789; x_wconf 90' lang='lat' dir='ltr'>sed</span> <span class='ocrx_word' id='word_1_40' title='bbox 474 741 573 789; x_wconf 89' lang='lat' dir='ltr'>nostra</span> <span class='ocrx_word' id='word_1_41' title='bbox 599 729 698 788; x_wconf 92' lang='lat' dir='ltr'>divina</span> <span class='ocrx_word' id='word_1_42' title='bbox 725 728 854 787; x_wconf 90' lang='lat' dir='ltr'>dicenda</span> <span class='ocrx_word' id='word_1_43' title='bbox 881 739 933 788; x_wconf 88' lang='lat' dir='ltr'>est.</span> <span class='ocrx_word' id='word_1_44' title='bbox 976 734 1085 791; x_wconf 89' lang='lat' dir='ltr'>Verum</span> <span class='ocrx_word' id='word_1_45' title='bbox 1114 734 1172 791; x_wconf 93' lang='lat' dir='ltr'>hoc</span> 
     </span>
     <span class='ocr_line' id='line_1_6' title="bbox 82 827 1171 906; baseline 0.002 -18"><span class='ocrx_word' id='word_1_46' title='bbox 82 850 94 889; x_wconf 86' lang='lat' dir='ltr'>s</span> <span class='ocrx_word' id='word_1_47' title='bbox 113 829 247 904; x_wconf 87' lang='lat' dir='ltr'>quidem,</span> <span class='ocrx_word' id='word_1_48' title='bbox 262 838 295 887; x_wconf 91' lang='lat' dir='ltr'>ut</span> <span class='ocrx_word' id='word_1_49' title='bbox 308 829 430 900; x_wconf 85' lang='lat' dir='ltr'>voletis;</span> <span class='ocrx_word' id='word_1_50' title='bbox 451 827 522 886; x_wconf 93' lang='lat' dir='ltr'>illud</span> <span class='ocrx_word' id='word_1_51' title='bbox 536 845 655 903; x_wconf 82' lang='lat' dir='ltr'>quaem,</span> <span class='ocrx_word' id='word_1_52' title='bbox 671 845 746 902; x_wconf 88' lang='lat' dir='ltr'>quae</span> <span class='ocrx_word' id='word_1_53' title='bbox 761 828 844 885; x_wconf 89' lang='lat' dir='ltr'>luerit</span> <span class='ocrx_word' id='word_1_54' title='bbox 860 838 941 886; x_wconf 88' lang='lat' dir='ltr'>tanta</span> <span class='ocrx_word' id='word_1_55' title='bbox 953 831 1067 889; x_wconf 86' lang='lat' dir='ltr'>fortuna</span> <span class='ocrx_word' id='word_1_56' title='bbox 1086 833 1171 906; x_wconf 91' lang='lat' dir='ltr'><strong>(nihil</strong></span> 
     </span>
     <span class='ocr_line' id='line_1_7' title="bbox 113 925 1170 1003; baseline 0.003 -19"><span class='ocrx_word' id='word_1_57' title='bbox 113 927 193 984; x_wconf 92' lang='lat' dir='ltr'>enim</span> <span class='ocrx_word' id='word_1_58' title='bbox 216 926 327 984; x_wconf 89' lang='lat' dir='ltr'>ratione</span> <span class='ocrx_word' id='word_1_59' title='bbox 350 925 380 982; x_wconf 93' lang='lat' dir='ltr'>in</span> <span class='ocrx_word' id='word_1_60' title='bbox 402 943 499 982; x_wconf 89' lang='lat' dir='ltr'>rerum</span> <span class='ocrx_word' id='word_1_61' title='bbox 520 935 623 982; x_wconf 90' lang='lat' dir='ltr'>natura</span> <span class='ocrx_word' id='word_1_62' title='bbox 644 925 755 982; x_wconf 79' lang='lat' dir='ltr'>lactum</span> <span class='ocrx_word' id='word_1_63' title='bbox 777 943 841 982; x_wconf 92' lang='lat' dir='ltr'>esse</span> <span class='ocrx_word' id='word_1_64' title='bbox 864 925 978 1003; x_wconf 88' lang='lat' dir='ltr'>vultis),</span> <span class='ocrx_word' id='word_1_65' title='bbox 997 928 1051 986; x_wconf 92' lang='lat' dir='ltr'>sed</span> <span class='ocrx_word' id='word_1_66' title='bbox 1072 940 1170 987; x_wconf 88' lang='lat' dir='ltr'>tamen</span> 
     </span>
     <span class='ocr_line' id='line_1_8' title="bbox 112 1020 1206 1098; baseline 0.005 -18"><span class='ocrx_word' id='word_1_67' title='bbox 112 1024 178 1098; x_wconf 90' lang='lat' dir='ltr'>quis</span> <span class='ocrx_word' id='word_1_68' title='bbox 200 1023 254 1080; x_wconf 90' lang='lat' dir='ltr'>iste</span> <span class='ocrx_word' id='word_1_69' title='bbox 276 1031 373 1080; x_wconf 83' lang='lat' dir='ltr'>tantus</span> <span class='ocrx_word' id='word_1_70' title='bbox 393 1023 499 1079; x_wconf 84' lang='lat' dir='ltr'>casus?</span> <span class='ocrx_word' id='word_1_71' title='bbox 539 1020 619 1079; x_wconf 90' lang='lat' dir='ltr'>unde</span> <span class='ocrx_word' id='word_1_72' title='bbox 642 1032 702 1079; x_wconf 91' lang='lat' dir='ltr'>tam</span> <span class='ocrx_word' id='word_1_73' title='bbox 724 1021 792 1079; x_wconf 81' lang='lat' dir='ltr'><strong>felix</strong></span> <span class='ocrx_word' id='word_1_74' title='bbox 815 1041 973 1082; x_wconf 87' lang='lat' dir='ltr'>concursus</span> <span class='ocrx_word' id='word_1_75' title='bbox 995 1037 1168 1097; x_wconf 90' lang='lat' dir='ltr'>atomorum,</span> <span class='ocrx_word' id='word_1_76' title='bbox 1183 1047 1206 1086; x_wconf 85' lang='lat' dir='ltr'>ur</span> 
     </span>
     <span class='ocr_line' id='line_1_9' title="bbox 112 1117 1169 1194; baseline 0.004 -17"><span class='ocrx_word' id='word_1_77' title='bbox 112 1130 145 1178; x_wconf 90' lang='lat' dir='ltr'>ut</span> <span class='ocrx_word' id='word_1_78' title='bbox 176 1129 299 1194; x_wconf 88' lang='lat' dir='ltr'>repente</span> <span class='ocrx_word' id='word_1_79' title='bbox 327 1118 462 1176; x_wconf 92' lang='lat' dir='ltr'>homines</span> <span class='ocrx_word' id='word_1_80' title='bbox 490 1117 613 1176; x_wconf 90' lang='lat' dir='ltr'>deorum</span> <span class='ocrx_word' id='word_1_81' title='bbox 640 1119 735 1176; x_wconf 82' lang='lat' dir='ltr'>forma</span> <span class='ocrx_word' id='word_1_82' title='bbox 761 1124 969 1178; x_wconf 86' lang='lat' dir='ltr'>nascerentur?</span> <span class='ocrx_word' id='word_1_83' title='bbox 1015 1123 1169 1181; x_wconf 86' lang='lat' dir='ltr'>Seminane</span> 
     </span>
     <span class='ocr_line' id='line_1_10' title="bbox 111 1213 1169 1289; baseline 0.003 -15"><span class='ocrx_word' id='word_1_84' title='bbox 111 1216 237 1275; x_wconf 90' lang='lat' dir='ltr'>deorum</span> <span class='ocrx_word' id='word_1_85' title='bbox 260 1215 407 1274; x_wconf 87' lang='lat' dir='ltr'>decidisse</span> <span class='ocrx_word' id='word_1_86' title='bbox 430 1213 468 1272; x_wconf 91' lang='lat' dir='ltr'>de</span> <span class='ocrx_word' id='word_1_87' title='bbox 492 1215 575 1272; x_wconf 90' lang='lat' dir='ltr'>caelo</span> <span class='ocrx_word' id='word_1_88' title='bbox 597 1225 734 1289; x_wconf 89' lang='lat' dir='ltr'>putamus</span> <span class='ocrx_word' id='word_1_89' title='bbox 753 1216 783 1272; x_wconf 91' lang='lat' dir='ltr'>in</span> <span class='ocrx_word' id='word_1_90' title='bbox 803 1226 901 1287; x_wconf 88' lang='lat' dir='ltr'>terras,</span> <span class='ocrx_word' id='word_1_91' title='bbox 923 1219 1014 1276; x_wconf 87' lang='lat' dir='ltr'>etsie</span> <span class='ocrx_word' id='word_1_92' title='bbox 1035 1219 1169 1277; x_wconf 91' lang='lat' dir='ltr'>homines</span> 
     </span>
     <span class='ocr_line' id='line_1_11' title="bbox 72 1312 1168 1392; baseline 0.002 -20"><span class='ocrx_word' id='word_1_93' title='bbox 72 1338 99 1364; x_wconf 84' lang='lat'>10</span> <span class='ocrx_word' id='word_1_94' title='bbox 112 1324 229 1389; x_wconf 90' lang='lat' dir='ltr'>patrum</span> <span class='ocrx_word' id='word_1_95' title='bbox 253 1313 362 1372; x_wconf 91' lang='lat' dir='ltr'>similes</span> <span class='ocrx_word' id='word_1_96' title='bbox 390 1313 539 1370; x_wconf 82' lang='lat' dir='ltr'>extitisse?</span> <span class='ocrx_word' id='word_1_97' title='bbox 579 1312 693 1369; x_wconf 90' lang='lat' dir='ltr'>Vellem</span> <span class='ocrx_word' id='word_1_98' title='bbox 722 1312 858 1371; x_wconf 90' lang='lat' dir='ltr'>diceretis</span> <span class='ocrx_word' id='word_1_99' title='bbox 869 1335 877 1385; x_wconf 87' lang='lat'>;</span> <span class='ocrx_word' id='word_1_100' title='bbox 908 1313 1032 1372; x_wconf 92' lang='lat' dir='ltr'>deorum</span> <span class='ocrx_word' id='word_1_101' title='bbox 1060 1334 1168 1392; x_wconf 86' lang='lat' dir='ltr'>cogna-</span> 
     </span>
     <span class='ocr_line' id='line_1_12' title="bbox 110 1409 1168 1486; baseline 0.003 -17"><span class='ocrx_word' id='word_1_102' title='bbox 110 1411 224 1469; x_wconf 85' lang='lat' dir='ltr'>tionem</span> <span class='ocrx_word' id='word_1_103' title='bbox 247 1428 439 1486; x_wconf 87' lang='lat' dir='ltr'>agnoscerem</span> <span class='ocrx_word' id='word_1_104' title='bbox 461 1427 523 1467; x_wconf 92' lang='lat' dir='ltr'>non</span> <span class='ocrx_word' id='word_1_105' title='bbox 545 1410 660 1467; x_wconf 89' lang='lat' dir='ltr'>invitus.</span> <span class='ocrx_word' id='word_1_106' title='bbox 704 1409 784 1467; x_wconf 91' lang='lat' dir='ltr'>Nihil</span> <span class='ocrx_word' id='word_1_107' title='bbox 808 1411 863 1468; x_wconf 90' lang='lat' dir='ltr'>tale</span> <span class='ocrx_word' id='word_1_108' title='bbox 890 1410 995 1482; x_wconf 83' lang='lat' dir='ltr'>dicitis,</span> <span class='ocrx_word' id='word_1_109' title='bbox 1020 1413 1073 1471; x_wconf 89' lang='lat' dir='ltr'>sed</span> <span class='ocrx_word' id='word_1_110' title='bbox 1098 1432 1168 1472; x_wconf 87' lang='lat' dir='ltr'>casu</span> 
     </span>
     <span class='ocr_line' id='line_1_13' title="bbox 111 1505 1168 1585; baseline 0.002 -19"><span class='ocrx_word' id='word_1_111' title='bbox 111 1526 175 1566; x_wconf 90' lang='lat' dir='ltr'>esse</span> <span class='ocrx_word' id='word_1_112' title='bbox 193 1509 314 1579; x_wconf 85' lang='lat' dir='ltr'>sactum,</span> <span class='ocrx_word' id='word_1_113' title='bbox 328 1517 361 1565; x_wconf 89' lang='lat' dir='ltr'>ut</span> <span class='ocrx_word' id='word_1_114' title='bbox 383 1525 513 1565; x_wconf 89' lang='lat' dir='ltr'>essemus</span> <span class='ocrx_word' id='word_1_115' title='bbox 534 1506 641 1564; x_wconf 91' lang='lat' dir='ltr'>similes</span> <span class='ocrx_word' id='word_1_116' title='bbox 663 1505 795 1564; x_wconf 88' lang='lat' dir='ltr'>deorum.</span> <span class='ocrx_word' id='word_1_117' title='bbox 840 1509 878 1565; x_wconf 91' lang='lat' dir='ltr'>Et</span> <span class='ocrx_word' id='word_1_118' title='bbox 898 1526 978 1566; x_wconf 92' lang='lat' dir='ltr'>nunc</span> <span class='ocrx_word' id='word_1_119' title='bbox 999 1523 1168 1585; x_wconf 88' lang='lat' dir='ltr'>argumenta</span> 
     </span>
     <span class='ocr_line' id='line_1_14' title="bbox 110 1604 1168 1680; baseline 0.002 -17"><span class='ocrx_word' id='word_1_120' title='bbox 110 1605 282 1680; x_wconf 89' lang='lat' dir='ltr'>quaerenda</span> <span class='ocrx_word' id='word_1_121' title='bbox 295 1615 371 1675; x_wconf 90' lang='lat' dir='ltr'>sunt,</span> <span class='ocrx_word' id='word_1_122' title='bbox 386 1605 491 1680; x_wconf 90' lang='lat' dir='ltr'>quibus</span> <span class='ocrx_word' id='word_1_123' title='bbox 506 1604 565 1662; x_wconf 93' lang='lat' dir='ltr'>hoc</span> <span class='ocrx_word' id='word_1_124' title='bbox 578 1604 744 1661; x_wconf 80' lang='lat' dir='ltr'>refellatur?</span> <span class='ocrx_word' id='word_1_125' title='bbox 785 1606 905 1663; x_wconf 89' lang='lat' dir='ltr'>Utinam</span> <span class='ocrx_word' id='word_1_126' title='bbox 925 1616 985 1663; x_wconf 89' lang='lat' dir='ltr'>tam</span> <span class='ocrx_word' id='word_1_127' title='bbox 1002 1608 1086 1664; x_wconf 80' lang='lat' dir='ltr'>facile</span> <span class='ocrx_word' id='word_1_128' title='bbox 1100 1627 1168 1666; x_wconf 92' lang='lat' dir='ltr'>vera</span> 
     </span>
     <span class='ocr_line' id='line_1_15' title="bbox 109 1701 1210 1777; baseline -0.001 -17"><span class='ocrx_word' id='word_1_129' title='bbox 109 1703 241 1761; x_wconf 90' lang='lat' dir='ltr'>invenire</span> <span class='ocrx_word' id='word_1_130' title='bbox 266 1702 377 1777; x_wconf 91' lang='lat' dir='ltr'>possim</span> <span class='ocrx_word' id='word_1_131' title='bbox 402 1720 491 1776; x_wconf 90' lang='lat' dir='ltr'>quam</span> <span class='ocrx_word' id='word_1_132' title='bbox 515 1701 585 1758; x_wconf 88' lang='lat' dir='ltr'>salsa</span> <span class='ocrx_word' id='word_1_133' title='bbox 609 1701 805 1758; x_wconf 85' lang='lat' dir='ltr'>convincere!</span> <span class='ocrx_word' id='word_1_134' title='bbox 847 1704 965 1760; x_wconf 89' lang='lat' dir='ltr'>Etenim</span> <span class='ocrx_word' id='word_1_135' title='bbox 989 1706 1210 1762; x_wconf 72' lang='lat' dir='ltr'>enumerastiaa</span> 
     </span>
     <span class='ocr_line' id='line_1_16' title="bbox 70 1797 1165 1873; baseline 0.005 -20"><span class='ocrx_word' id='word_1_136' title='bbox 70 1826 95 1863; x_wconf 84' lang='lat'>15</span> <span class='ocrx_word' id='word_1_137' title='bbox 109 1800 280 1858; x_wconf 87' lang='lat' dir='ltr'>memoriter</span> <span class='ocrx_word' id='word_1_138' title='bbox 294 1809 324 1856; x_wconf 92' lang='lat' dir='ltr'>et</span> <span class='ocrx_word' id='word_1_139' title='bbox 338 1799 469 1873; x_wconf 89' lang='lat' dir='ltr'>copiose,</span> <span class='ocrx_word' id='word_1_140' title='bbox 484 1808 516 1855; x_wconf 90' lang='lat' dir='ltr'>ut</span> <span class='ocrx_word' id='word_1_141' title='bbox 530 1798 600 1855; x_wconf 91' lang='lat' dir='ltr'>mihi</span> <span class='ocrx_word' id='word_1_142' title='bbox 614 1797 735 1873; x_wconf 89' lang='lat' dir='ltr'>quidem</span> <span class='ocrx_word' id='word_1_143' title='bbox 755 1799 889 1856; x_wconf 90' lang='lat' dir='ltr'>admirari</span> <span class='ocrx_word' id='word_1_144' title='bbox 903 1800 1014 1857; x_wconf 90' lang='lat' dir='ltr'>luberet</span> <span class='ocrx_word' id='word_1_145' title='bbox 1027 1802 1057 1858; x_wconf 90' lang='lat' dir='ltr'>in</span> <span class='ocrx_word' id='word_1_146' title='bbox 1072 1802 1165 1859; x_wconf 92' lang='lat' dir='ltr'>homi-</span> 
     </span>
     <span class='ocr_line' id='line_1_17' title="bbox 109 1896 1164 1970; baseline 0.003 -16"><span class='ocrx_word' id='word_1_147' title='bbox 109 1915 147 1955; x_wconf 91' lang='lat' dir='ltr'>ne</span> <span class='ocrx_word' id='word_1_148' title='bbox 168 1914 233 1954; x_wconf 92' lang='lat' dir='ltr'>esse</span> <span class='ocrx_word' id='word_1_149' title='bbox 256 1898 396 1954; x_wconf 90' lang='lat' dir='ltr'>Romano</span> <span class='ocrx_word' id='word_1_150' title='bbox 416 1905 526 1952; x_wconf 89' lang='lat' dir='ltr'>tantam</span> <span class='ocrx_word' id='word_1_151' title='bbox 548 1896 709 1966; x_wconf 86' lang='lat' dir='ltr'>scientiam,</span> <span class='ocrx_word' id='word_1_152' title='bbox 725 1914 817 1970; x_wconf 89' lang='lat' dir='ltr'>usque</span> <span class='ocrx_word' id='word_1_153' title='bbox 839 1914 857 1952; x_wconf 91' lang='lat' dir='ltr'>a</span> <span class='ocrx_word' id='word_1_154' title='bbox 876 1897 967 1953; x_wconf 86' lang='lat' dir='ltr'>Thale</span> <span class='ocrx_word' id='word_1_155' title='bbox 990 1899 1105 1957; x_wconf 91' lang='lat' dir='ltr'>Milesio</span> <span class='ocrx_word' id='word_1_156' title='bbox 1126 1900 1164 1957; x_wconf 92' lang='lat' dir='ltr'>de</span> 
     </span>
     <span class='ocr_line' id='line_1_18' title="bbox 109 1993 1203 2068; baseline 0.001 -15"><span class='ocrx_word' id='word_1_157' title='bbox 109 1994 236 2053; x_wconf 89' lang='lat' dir='ltr'>deorum</span> <span class='ocrx_word' id='word_1_158' title='bbox 264 2005 368 2052; x_wconf 89' lang='lat' dir='ltr'>natura</span> <span class='ocrx_word' id='word_1_159' title='bbox 394 1993 635 2068; x_wconf 91' lang='lat' dir='ltr'>philosophorum</span> <span class='ocrx_word' id='word_1_160' title='bbox 663 1996 830 2052; x_wconf 89' lang='lat' dir='ltr'>sententias.</span> <span class='ocrx_word' id='word_1_161' title='bbox 873 1994 1023 2053; x_wconf 89' lang='lat' dir='ltr'>Omnesne</span> <span class='ocrx_word' id='word_1_162' title='bbox 1050 1997 1102 2054; x_wconf 93' lang='lat' dir='ltr'>tibi</span> <span class='ocrx_word' id='word_1_163' title='bbox 1126 1999 1164 2054; x_wconf 93' lang='lat' dir='ltr'>illi</span> <span class='ocrx_word' id='word_1_164' title='bbox 1178 2022 1203 2060; x_wconf 79' lang='lat' dir='ltr'>m</span> 
     </span>
     <span class='ocr_line' id='line_1_19' title="bbox 108 2090 1164 2165; baseline 0.001 -15"><span class='ocrx_word' id='word_1_165' title='bbox 108 2091 232 2150; x_wconf 89' lang='lat' dir='ltr'>delirare</span> <span class='ocrx_word' id='word_1_166' title='bbox 247 2092 301 2149; x_wconf 91' lang='lat' dir='ltr'>visi</span> <span class='ocrx_word' id='word_1_167' title='bbox 322 2099 398 2162; x_wconf 91' lang='lat' dir='ltr'>sunt,</span> <span class='ocrx_word' id='word_1_168' title='bbox 414 2091 464 2165; x_wconf 93' lang='lat' dir='ltr'>qui</span> <span class='ocrx_word' id='word_1_169' title='bbox 485 2090 547 2147; x_wconf 91' lang='lat' dir='ltr'>sine</span> <span class='ocrx_word' id='word_1_170' title='bbox 568 2091 703 2148; x_wconf 89' lang='lat' dir='ltr'>manibus</span> <span class='ocrx_word' id='word_1_171' title='bbox 725 2091 899 2165; x_wconf 87' lang='lat' dir='ltr'>etpedibus</span> <span class='ocrx_word' id='word_1_172' title='bbox 920 2103 1053 2149; x_wconf 85' lang='lat' dir='ltr'>constare</span> <span class='ocrx_word' id='word_1_173' title='bbox 1075 2093 1164 2151; x_wconf 87' lang='lat' dir='ltr'>deum</span> 
     </span>
     <span class='ocr_line' id='line_1_20' title="bbox 107 2183 1163 2265; baseline 0 -17"><span class='ocrx_word' id='word_1_174' title='bbox 107 2208 197 2265; x_wconf 92' lang='lat' dir='ltr'>posse</span> <span class='ocrx_word' id='word_1_175' title='bbox 217 2189 421 2247; x_wconf 84' lang='lat' dir='ltr'>decreverint?</span> <span class='ocrx_word' id='word_1_176' title='bbox 461 2188 509 2245; x_wconf 90' lang='lat' dir='ltr'>Ne</span> <span class='ocrx_word' id='word_1_177' title='bbox 530 2187 588 2245; x_wconf 92' lang='lat' dir='ltr'>hoc</span> <span class='ocrx_word' id='word_1_178' title='bbox 609 2188 731 2261; x_wconf 91' lang='lat' dir='ltr'>quidem</span> <span class='ocrx_word' id='word_1_179' title='bbox 751 2207 804 2246; x_wconf 93' lang='lat' dir='ltr'>vos</span> <span class='ocrx_word' id='word_1_180' title='bbox 825 2198 924 2246; x_wconf 92' lang='lat' dir='ltr'>movet</span> <span class='ocrx_word' id='word_1_181' title='bbox 932 2183 1163 2262; x_wconf 75' lang='lat' dir='ltr'>&#39;considerantis</span> 
     </span>
     <span class='ocr_line' id='line_1_21' title="bbox 67 2285 1163 2361; baseline 0.001 -16"><span class='ocrx_word' id='word_1_182' title='bbox 67 2310 96 2337; x_wconf 72' lang='grc' dir='ltr'><strong><em>ω</em></strong></span> <span class='ocrx_word' id='word_1_183' title='bbox 108 2305 185 2361; x_wconf 87' lang='lat' dir='ltr'>quae</span> <span class='ocrx_word' id='word_1_184' title='bbox 214 2287 251 2345; x_wconf 92' lang='lat' dir='ltr'>sit</span> <span class='ocrx_word' id='word_1_185' title='bbox 275 2287 383 2344; x_wconf 90' lang='lat' dir='ltr'>utilitas</span> <span class='ocrx_word' id='word_1_186' title='bbox 404 2303 538 2360; x_wconf 90' lang='lat' dir='ltr'>quaeque</span> <span class='ocrx_word' id='word_1_187' title='bbox 560 2285 742 2360; x_wconf 85' lang='lat' dir='ltr'>oportunitas</span> <span class='ocrx_word' id='word_1_188' title='bbox 763 2286 793 2342; x_wconf 87' lang='lat' dir='ltr'>in</span> <span class='ocrx_word' id='word_1_189' title='bbox 817 2285 935 2343; x_wconf 89' lang='lat' dir='ltr'>homine</span> <span class='ocrx_word' id='word_1_190' title='bbox 957 2287 1163 2359; x_wconf 87' lang='lat' dir='ltr'>membrorum,</span> 
     </span>
     <span class='ocr_line' id='line_1_22' title="bbox 108 2380 1163 2457; baseline 0 -15"><span class='ocrx_word' id='word_1_191' title='bbox 108 2395 141 2442; x_wconf 92' lang='lat' dir='ltr'>ut</span> <span class='ocrx_word' id='word_1_192' title='bbox 165 2384 301 2442; x_wconf 90' lang='lat' dir='ltr'>iudicetis</span> <span class='ocrx_word' id='word_1_193' title='bbox 325 2382 464 2440; x_wconf 87' lang='lat' dir='ltr'>membris</span> <span class='ocrx_word' id='word_1_194' title='bbox 488 2383 623 2440; x_wconf 90' lang='lat' dir='ltr'>humanis</span> <span class='ocrx_word' id='word_1_195' title='bbox 647 2380 720 2439; x_wconf 92' lang='lat' dir='ltr'>deos</span> <span class='ocrx_word' id='word_1_196' title='bbox 745 2401 805 2439; x_wconf 93' lang='lat' dir='ltr'>non</span> <span class='ocrx_word' id='word_1_197' title='bbox 830 2385 938 2457; x_wconf 85' lang='lat' dir='ltr'>egere?</span> <span class='ocrx_word' id='word_1_198' title='bbox 979 2383 1059 2457; x_wconf 89' lang='lat' dir='ltr'>Quid</span> <span class='ocrx_word' id='word_1_199' title='bbox 1084 2387 1163 2442; x_wconf 90' lang='lat' dir='ltr'>enim</span> 
     </span>
     <span class='ocr_line' id='line_1_23' title="bbox 108 2477 1162 2558; baseline -0.002 -18"><span class='ocrx_word' id='word_1_200' title='bbox 108 2481 237 2558; x_wconf 91' lang='lat' dir='ltr'>pedibus</span> <span class='ocrx_word' id='word_1_201' title='bbox 251 2499 326 2556; x_wconf 93' lang='lat' dir='ltr'>opus</span> <span class='ocrx_word' id='word_1_202' title='bbox 340 2490 385 2538; x_wconf 89' lang='lat' dir='ltr'>est</span> <span class='ocrx_word' id='word_1_203' title='bbox 399 2481 460 2538; x_wconf 91' lang='lat' dir='ltr'>sine</span> <span class='ocrx_word' id='word_1_204' title='bbox 482 2480 634 2555; x_wconf 83' lang='lat' dir='ltr'>ingressu?</span> <span class='ocrx_word' id='word_1_205' title='bbox 654 2477 725 2553; x_wconf 91' lang='lat' dir='ltr'>quid</span> <span class='ocrx_word' id='word_1_206' title='bbox 747 2480 889 2550; x_wconf 88' lang='lat' dir='ltr'>manibus,</span> <span class='ocrx_word' id='word_1_207' title='bbox 904 2480 927 2536; x_wconf 95' lang='lat' dir='ltr'>si</span> <span class='ocrx_word' id='word_1_208' title='bbox 948 2480 1018 2537; x_wconf 91' lang='lat' dir='ltr'>nihil</span> <span class='ocrx_word' id='word_1_209' title='bbox 1039 2499 1162 2556; x_wconf 91' lang='lat' dir='ltr'>conpre-</span> 
     </span>
     <span class='ocr_line' id='line_1_24' title="bbox 108 2576 1162 2653; baseline -0.001 -16"><span class='ocrx_word' id='word_1_210' title='bbox 108 2578 303 2637; x_wconf 89' lang='lat' dir='ltr'>hendendum</span> <span class='ocrx_word' id='word_1_211' title='bbox 331 2579 397 2636; x_wconf 86' lang='lat' dir='ltr'>est?</span> <span class='ocrx_word' id='word_1_212' title='bbox 426 2577 498 2653; x_wconf 92' lang='lat' dir='ltr'>quid</span> <span class='ocrx_word' id='word_1_213' title='bbox 525 2578 638 2652; x_wconf 89' lang='lat' dir='ltr'>reliqua</span> <span class='ocrx_word' id='word_1_214' title='bbox 664 2576 853 2651; x_wconf 89' lang='lat' dir='ltr'>discriptione</span> <span class='ocrx_word' id='word_1_215' title='bbox 878 2577 1009 2633; x_wconf 89' lang='lat' dir='ltr'>omnium</span> <span class='ocrx_word' id='word_1_216' title='bbox 1032 2581 1162 2652; x_wconf 89' lang='lat' dir='ltr'>corporis</span> 
     </span>
     <span class='ocr_line' id='line_1_25' title="bbox 107 2673 1162 2753; baseline -0.001 -19"><span class='ocrx_word' id='word_1_217' title='bbox 107 2677 245 2753; x_wconf 89' lang='lat' dir='ltr'>partium,</span> <span class='ocrx_word' id='word_1_218' title='bbox 265 2676 295 2734; x_wconf 92' lang='lat' dir='ltr'>in</span> <span class='ocrx_word' id='word_1_219' title='bbox 316 2694 375 2750; x_wconf 90' lang='lat' dir='ltr'>qua</span> <span class='ocrx_word' id='word_1_220' title='bbox 395 2676 466 2733; x_wconf 91' lang='lat' dir='ltr'>nihil</span> <span class='ocrx_word' id='word_1_221' title='bbox 487 2676 583 2746; x_wconf 88' lang='lat' dir='ltr'>inane,</span> <span class='ocrx_word' id='word_1_222' title='bbox 605 2673 675 2731; x_wconf 91' lang='lat' dir='ltr'>nihil</span> <span class='ocrx_word' id='word_1_223' title='bbox 696 2675 758 2731; x_wconf 90' lang='lat' dir='ltr'>sine</span> <span class='ocrx_word' id='word_1_224' title='bbox 780 2692 878 2743; x_wconf 90' lang='lat' dir='ltr'>causa,</span> <span class='ocrx_word' id='word_1_225' title='bbox 900 2673 971 2730; x_wconf 89' lang='lat' dir='ltr'>nihil</span> <span class='ocrx_word' id='word_1_226' title='bbox 991 2693 1162 2749; x_wconf 84' lang='lat' dir='ltr'>supervaca-</span> 
     </span>
     <span class='ocr_line' id='line_1_26' title="bbox 67 2771 1161 2848; baseline 0.004 -21"><span class='ocrx_word' id='word_1_227' title='bbox 67 2797 93 2836; x_wconf 61' lang='grc' dir='ltr'>ις</span> <span class='ocrx_word' id='word_1_228' title='bbox 107 2793 199 2831; x_wconf 90' lang='lat' dir='ltr'>neum</span> <span class='ocrx_word' id='word_1_229' title='bbox 219 2774 283 2837; x_wconf 77' lang='lat' dir='ltr'>est?</span> <span class='ocrx_word' id='word_1_230' title='bbox 300 2802 304 2810; x_wconf 54' lang='lat'>¹</span> <span class='ocrx_word' id='word_1_231' title='bbox 324 2775 427 2848; x_wconf 90' lang='lat' dir='ltr'>Itaque</span> <span class='ocrx_word' id='word_1_232' title='bbox 449 2774 528 2830; x_wconf 89' lang='lat' dir='ltr'>nulla</span> <span class='ocrx_word' id='word_1_233' title='bbox 548 2791 593 2830; x_wconf 88' lang='lat' dir='ltr'>ars</span> <span class='ocrx_word' id='word_1_234' title='bbox 614 2771 718 2828; x_wconf 90' lang='lat' dir='ltr'>imitari</span> <span class='ocrx_word' id='word_1_235' title='bbox 739 2772 895 2828; x_wconf 88' lang='lat' dir='ltr'>sollertiam</span> <span class='ocrx_word' id='word_1_236' title='bbox 915 2781 1034 2829; x_wconf 87' lang='lat' dir='ltr'>naturae</span> <span class='ocrx_word' id='word_1_237' title='bbox 1056 2785 1161 2847; x_wconf 90' lang='lat' dir='ltr'>potest.</span> 
     </span>
     <span class='ocr_line' id='line_1_27' title="bbox 109 2867 1161 2945; baseline -0.001 -17"><span class='ocrx_word' id='word_1_238' title='bbox 109 2871 244 2928; x_wconf 85' lang='lat' dir='ltr'>Habebit</span> <span class='ocrx_word' id='word_1_239' title='bbox 257 2871 343 2945; x_wconf 88' lang='lat' dir='ltr'>igitur</span> <span class='ocrx_word' id='word_1_240' title='bbox 356 2871 483 2945; x_wconf 85' lang='lat' dir='ltr'>linguam</span> <span class='ocrx_word' id='word_1_241' title='bbox 497 2870 570 2927; x_wconf 89' lang='lat' dir='ltr'>deus</span> <span class='ocrx_word' id='word_1_242' title='bbox 592 2878 622 2926; x_wconf 88' lang='lat' dir='ltr'>et</span> <span class='ocrx_word' id='word_1_243' title='bbox 642 2886 703 2925; x_wconf 92' lang='lat' dir='ltr'>non</span> <span class='ocrx_word' id='word_1_244' title='bbox 724 2869 866 2942; x_wconf 89' lang='lat' dir='ltr'>loquetur,</span> <span class='ocrx_word' id='word_1_245' title='bbox 889 2867 1002 2939; x_wconf 89' lang='lat' dir='ltr'>dentes,</span> <span class='ocrx_word' id='word_1_246' title='bbox 1024 2871 1161 2944; x_wconf 85' lang='lat' dir='ltr'>palatum,</span> 
     </span>
     <span class='ocr_line' id='line_1_28' title="bbox 107 2965 1162 3042; baseline -0.003 -17"><span class='ocrx_word' id='word_1_247' title='bbox 107 2969 210 3036; x_wconf 82' lang='lat' dir='ltr'>fauces</span> <span class='ocrx_word' id='word_1_248' title='bbox 233 2967 344 3024; x_wconf 91' lang='lat' dir='ltr'>nullum</span> <span class='ocrx_word' id='word_1_249' title='bbox 369 2967 407 3025; x_wconf 89' lang='lat' dir='ltr'>ad</span> <span class='ocrx_word' id='word_1_250' title='bbox 432 2987 525 3038; x_wconf 90' lang='lat' dir='ltr'>usum,</span> <span class='ocrx_word' id='word_1_251' title='bbox 551 2984 685 3042; x_wconf 91' lang='lat' dir='ltr'>quaeque</span> <span class='ocrx_word' id='word_1_252' title='bbox 711 2965 919 3040; x_wconf 89' lang='lat' dir='ltr'>procreationis</span> <span class='ocrx_word' id='word_1_253' title='bbox 948 2984 1036 3023; x_wconf 86' lang='lat' dir='ltr'>causa</span> <span class='ocrx_word' id='word_1_254' title='bbox 1060 2977 1162 3023; x_wconf 84' lang='lat' dir='ltr'>natura</span> 
     </span>
     <span class='ocr_line' id='line_1_29' title="bbox 108 3063 1161 3140; baseline -0.001 -18"><span class='ocrx_word' id='word_1_255' title='bbox 108 3065 227 3140; x_wconf 90' lang='lat' dir='ltr'>corpori</span> <span class='ocrx_word' id='word_1_256' title='bbox 250 3063 380 3136; x_wconf 88' lang='lat' dir='ltr'>adfinxit,</span> <span class='ocrx_word' id='word_1_257' title='bbox 406 3083 441 3122; x_wconf 90' lang='lat' dir='ltr'>ea</span> <span class='ocrx_word' id='word_1_258' title='bbox 464 3066 567 3122; x_wconf 78' lang='lat' dir='ltr'>frustm</span> <span class='ocrx_word' id='word_1_259' title='bbox 591 3064 709 3122; x_wconf 88' lang='lat' dir='ltr'>habebit</span> <span class='ocrx_word' id='word_1_260' title='bbox 735 3064 816 3133; x_wconf 88' lang='lat' dir='ltr'>deus,</span> <span class='ocrx_word' id='word_1_261' title='bbox 842 3081 899 3119; x_wconf 91' lang='lat' dir='ltr'>nec</span> <span class='ocrx_word' id='word_1_262' title='bbox 924 3073 1043 3119; x_wconf 87' lang='lat' dir='ltr'>externa</span> <span class='ocrx_word' id='word_1_263' title='bbox 1070 3066 1161 3138; x_wconf 87' lang='lat' dir='ltr'>magis</span> 
     </span>
    </p>
   </div>
   <div class='ocr_carea' id='block_1_3' title="bbox 67 3160 1199 3818">
    <p class='ocr_par' dir='ltr' id='par_1_3' title="bbox 67 3160 1199 3818">
     <span class='ocr_line' id='line_1_30' title="bbox 108 3160 1163 3236; baseline -0.003 -16"><span class='ocrx_word' id='word_1_264' title='bbox 108 3180 198 3236; x_wconf 89' lang='lat' dir='ltr'>quarn</span> <span class='ocrx_word' id='word_1_265' title='bbox 227 3162 370 3232; x_wconf 88' lang='lat' dir='ltr'>interiora,</span> <span class='ocrx_word' id='word_1_266' title='bbox 398 3180 459 3233; x_wconf 89' lang='lat' dir='ltr'>cor,</span> <span class='ocrx_word' id='word_1_267' title='bbox 484 3162 647 3236; x_wconf 91' lang='lat' dir='ltr'>pulmones,</span> <span class='ocrx_word' id='word_1_268' title='bbox 676 3162 764 3232; x_wconf 90' lang='lat' dir='ltr'>iecur,</span> <span class='ocrx_word' id='word_1_269' title='bbox 793 3170 899 3230; x_wconf 89' lang='lat' dir='ltr'>cetera,</span> <span class='ocrx_word' id='word_1_270' title='bbox 928 3178 1004 3234; x_wconf 90' lang='lat' dir='ltr'>quae</span> <span class='ocrx_word' id='word_1_271' title='bbox 1032 3160 1163 3218; x_wconf 88' lang='lat' dir='ltr'>detracta</span> 
     </span>
     <span class='ocr_line' id='line_1_31' title="bbox 67 3255 1160 3333; baseline -0.005 -13"><span class='ocrx_word' id='word_1_272' title='bbox 67 3282 95 3320; x_wconf 80' lang='lat'>30</span> <span class='ocrx_word' id='word_1_273' title='bbox 108 3260 231 3317; x_wconf 87' lang='lat' dir='ltr'>utilitate</span> <span class='ocrx_word' id='word_1_274' title='bbox 254 3258 326 3333; x_wconf 90' lang='lat' dir='ltr'>quid</span> <span class='ocrx_word' id='word_1_275' title='bbox 350 3259 459 3316; x_wconf 92' lang='lat' dir='ltr'>habent</span> <span class='ocrx_word' id='word_1_276' title='bbox 477 3259 656 3316; x_wconf 85' lang='lat' dir='ltr'>venustatis?</span> <span class='ocrx_word' id='word_1_277' title='bbox 682 3255 924 3331; x_wconf 91' lang='lat' dir='ltr'>quandoquidem</span> <span class='ocrx_word' id='word_1_278' title='bbox 948 3255 1023 3313; x_wconf 91' lang='lat' dir='ltr'>haec</span> <span class='ocrx_word' id='word_1_279' title='bbox 1045 3276 1108 3314; x_wconf 90' lang='lat' dir='ltr'>esse</span> <span class='ocrx_word' id='word_1_280' title='bbox 1131 3258 1160 3314; x_wconf 90' lang='lat' dir='ltr'>iu</span> 
     </span>
     <span class='ocr_line' id='line_1_32' title="bbox 108 3352 1199 3432; baseline -0.003 -18"><span class='ocrx_word' id='word_1_281' title='bbox 108 3357 167 3415; x_wconf 92' lang='lat' dir='ltr'>deo</span> <span class='ocrx_word' id='word_1_282' title='bbox 182 3366 302 3432; x_wconf 89' lang='lat' dir='ltr'>propter</span> <span class='ocrx_word' id='word_1_283' title='bbox 315 3354 558 3430; x_wconf 85' lang='lat' dir='ltr'>pulchritudinem</span> <span class='ocrx_word' id='word_1_284' title='bbox 574 3355 665 3411; x_wconf 92' lang='lat' dir='ltr'>voltis.</span> <span class='ocrx_word' id='word_1_285' title='bbox 709 3354 813 3410; x_wconf 85' lang='lat' dir='ltr'>Istisne</span> <span class='ocrx_word' id='word_1_286' title='bbox 827 3352 952 3410; x_wconf 90' lang='lat' dir='ltr'>fidentes</span> <span class='ocrx_word' id='word_1_287' title='bbox 966 3356 1086 3411; x_wconf 90' lang='lat' dir='ltr'>somniis</span> <span class='ocrx_word' id='word_1_288' title='bbox 1101 3374 1161 3411; x_wconf 91' lang='lat' dir='ltr'>non</span> <span class='ocrx_word' id='word_1_289' title='bbox 1174 3376 1199 3416; x_wconf 75' lang='lat' dir='ltr'>m</span> 
     </span>
     <span class='ocr_line' id='line_1_33' title="bbox 108 3449 1160 3526; baseline -0.004 -15"><span class='ocrx_word' id='word_1_290' title='bbox 108 3453 201 3512; x_wconf 93' lang='lat' dir='ltr'>modo</span> <span class='ocrx_word' id='word_1_291' title='bbox 225 3452 368 3526; x_wconf 89' lang='lat' dir='ltr'>Epicurus</span> <span class='ocrx_word' id='word_1_292' title='bbox 391 3463 420 3508; x_wconf 93' lang='lat' dir='ltr'>et</span> <span class='ocrx_word' id='word_1_293' title='bbox 445 3449 632 3509; x_wconf 89' lang='lat' dir='ltr'>Metrodorus</span> <span class='ocrx_word' id='word_1_294' title='bbox 656 3459 687 3507; x_wconf 89' lang='lat' dir='ltr'>et</span> <span class='ocrx_word' id='word_1_295' title='bbox 710 3450 909 3506; x_wconf 90' lang='lat' dir='ltr'>Hermarchus</span> <span class='ocrx_word' id='word_1_296' title='bbox 932 3460 1034 3507; x_wconf 87' lang='lat' dir='ltr'>contra</span> <span class='ocrx_word' id='word_1_297' title='bbox 1057 3451 1160 3525; x_wconf 87' lang='lat' dir='ltr'>Pytha-</span> 
     </span>
     <span class='ocr_line' id='line_1_34' title="bbox 107 3545 1161 3627; baseline -0.004 -19"><span class='ocrx_word' id='word_1_298' title='bbox 107 3569 219 3627; x_wconf 85' lang='lat' dir='ltr'>goram,</span> <span class='ocrx_word' id='word_1_299' title='bbox 250 3550 401 3606; x_wconf 87' lang='lat' dir='ltr'>Platonem</span> <span class='ocrx_word' id='word_1_300' title='bbox 430 3546 703 3622; x_wconf 89' lang='lat' dir='ltr'>Empedoclemque</span> <span class='ocrx_word' id='word_1_301' title='bbox 733 3546 876 3615; x_wconf 89' lang='lat' dir='ltr'>dixerunt,</span> <span class='ocrx_word' id='word_1_302' title='bbox 902 3545 955 3602; x_wconf 92' lang='lat' dir='ltr'>sed</span> <span class='ocrx_word' id='word_1_303' title='bbox 979 3548 1161 3604; x_wconf 86' lang='lat' dir='ltr'>meretricula</span> 
     </span>
     <span class='ocr_line' id='line_1_35' title="bbox 108 3641 1160 3714; baseline -0.005 -10"><span class='ocrx_word' id='word_1_304' title='bbox 108 3647 197 3705; x_wconf 91' lang='lat' dir='ltr'>etiam</span> <span class='ocrx_word' id='word_1_305' title='bbox 213 3646 369 3703; x_wconf 87' lang='lat' dir='ltr'>Leontium</span> <span class='ocrx_word' id='word_1_306' title='bbox 388 3654 488 3702; x_wconf 89' lang='lat' dir='ltr'>contra</span> <span class='ocrx_word' id='word_1_307' title='bbox 508 3641 743 3714; x_wconf 88' lang='lat' dir='ltr'>Theophrastum</span> <span class='ocrx_word' id='word_1_308' title='bbox 764 3642 889 3698; x_wconf 90' lang='lat' dir='ltr'>scribere</span> <span class='ocrx_word' id='word_1_309' title='bbox 911 3658 981 3698; x_wconf 90' lang='lat' dir='ltr'>ausa</span> <span class='ocrx_word' id='word_1_310' title='bbox 1001 3644 1066 3699; x_wconf 84' lang='lat' dir='ltr'>est?</span> <span class='ocrx_word' id='word_1_311' title='bbox 1087 3643 1160 3699; x_wconf 92' lang='lat' dir='ltr'>scito</span> 
     </span>
     <span class='ocr_line' id='line_1_36' title="bbox 68 3736 1160 3818; baseline -0.005 -17"><span class='ocrx_word' id='word_1_312' title='bbox 68 3743 156 3807; x_wconf 73' lang='lat' dir='ltr'>ssilla</span> <span class='ocrx_word' id='word_1_313' title='bbox 178 3740 300 3818; x_wconf 91' lang='lat' dir='ltr'>quidem</span> <span class='ocrx_word' id='word_1_314' title='bbox 322 3758 456 3798; x_wconf 90' lang='lat' dir='ltr'>sermone</span> <span class='ocrx_word' id='word_1_315' title='bbox 479 3749 509 3798; x_wconf 92' lang='lat' dir='ltr'>et</span> <span class='ocrx_word' id='word_1_316' title='bbox 531 3738 638 3808; x_wconf 87' lang='lat' dir='ltr'>Attico,</span> <span class='ocrx_word' id='word_1_317' title='bbox 662 3736 716 3795; x_wconf 93' lang='lat' dir='ltr'>sed</span> <span class='ocrx_word' id='word_1_318' title='bbox 739 3746 849 3795; x_wconf 88' lang='lat' dir='ltr'>tamen.</span> <span class='ocrx_word' id='word_1_319' title='bbox 889 3738 1017 3793; x_wconf 86' lang='lat' dir='ltr'>Tantum</span> <span class='ocrx_word' id='word_1_320' title='bbox 1040 3738 1160 3812; x_wconf 88' lang='lat' dir='ltr'>Epicuri</span> 
     </span>
    </p>
   </div>
   <div class='ocr_carea' id='block_1_4' title="bbox 0 0 1256 4170">
    <p class='ocr_par' dir='ltr' id='par_1_4' title="bbox 0 0 1256 4170">
     <span class='ocr_line' id='line_1_37' title="bbox 0 0 1256 4170; baseline 0 3"><span class='ocrx_word' id='word_1_321' title='bbox 0 0 1256 4170; x_wconf 95' lang='lat' dir='ltr'> </span> 
     </span>
    </p>
   </div>
  </div>
 </body>
</html>
