2504 4170
156 242 215 321 138
481 255 530 305 oa
551 256 696 307 matum
720 255 886 308 amomum,

150 411 173 469 si
196 408 268 485 quid
289 409 436 485 explanari
458 410 511 468 tibi
531 411 620 482 voles,
635 408 816 486 respondere
839 412 921 471 malo
932 434 942 486 ;
965 415 1012 473 sin
1027 433 1075 473 me
1095 415 1183 474 interro

150 526 217 584 gare
239 525 300 565 non
321 516 381 563 tam
402 507 591 581 intellegendi
613 525 701 565 causa
720 525 811 582 quam
829 509 999 582 refellendi,
1015 522 1109 571 utrum
1120 513 1185 581 voles,

150 606 264 675 faciam,
287 605 333 661 vel
353 604 392 662 ad
413 603 534 678 singula,
557 622 632 679 quae
659 605 797 679 requires,
820 607 921 664 statim
948 611 1132 684 respondebo
1147 609 1185 679 vel

124 718 219 759 acum
234 703 384 777 peroraris,
400 701 438 759 ad
453 702 562 759 omnia.
597 703 674 758 Tum
690 702 796 760 Cotta:
821 703 958 777 Optime,
975 706 1080 781 inquit.
1113 708 1185 780 Quam

120 800 189 855 2ob
210 817 272 855 rem
294 799 335 855 sic
357 817 485 873 agamus,
502 809 533 855 ut
555 816 609 856 nos
630 798 694 873 ipsa
710 797 800 855 ducet
815 800 920 858 oratio.
966 802 1029 860 Sed
1043 813 1108 861 ante
1121 821 1201 878 quami
1238 847 1243 887 t

150 896 188 953 de
203 915 242 963 re,
259 914 355 971 pauca
368 895 406 952 de
421 913 478 952 me.
519 896 589 952 Non
603 896 681 952 enim
696 893 887 953 mediocriter
901 916 1030 958 moveor
1044 901 1186 958 auctoritate

150 1001 208 1063 tua,
225 992 324 1061 Balbe,
341 992 531 1065 orationeque
546 1010 590 1062 ea,
606 1010 681 1066 quae
696 1009 743 1049 me
759 992 787 1048 in
804 994 977 1066 perorando
995 997 1186 1065 cohortabatur,

149 1099 181 1146 ut
204 1090 402 1147 meminissem
427 1107 475 1145 me
500 1098 529 1145 et
552 1089 671 1146 Cottam
693 1106 756 1145 esse
780 1098 810 1145 et
832 1091 1034 1166 pontificem
1062 1093 1137 1169 quod
1153 1111 1187 1162 eo,

150 1186 249 1257 credo,
264 1186 388 1256 valebat,
404 1196 435 1242 ut
450 1186 614 1259 opiniones,
630 1204 701 1260 quas
715 1204 733 1242 a
747 1185 908 1244 maioribus
922 1191 1098 1265 accepimus
1111 1190 1144 1248 de
1154 1188 1186 1247 dis

149 1282 357 1352 inmortalibus,
369 1300 460 1352 sacra,
473 1283 664 1339 caerimonias
678 1282 893 1357 religionesque
909 1283 1114 1346 defenderem.
1139 1288 1206 1361 Ego·
1242 1328 1244 1355 ῃ

148 1399 218 1436 vero
239 1398 288 1436 eas
309 1379 469 1436 defendam
490 1396 606 1452 semper
627 1396 802 1453 semperque
824 1378 959 1453 defendi,
975 1401 1035 1441 nec
1057 1403 1104 1442 me
1119 1400 1187 1441 exea

149 1478 299 1551 opinione,
314 1494 404 1550 quam
421 1494 438 1532 a
455 1477 611 1534 maioribus
632 1477 736 1550 accepi
757 1475 795 1533 de
817 1476 899 1534 cultu
922 1476 1053 1538 deorum
1074 1482 1185 1539 inmorta-

147 1573 227 1642 lium,
243 1574 326 1630 ullius
340 1591 481 1647 umquam
495 1574 587 1630 oratio
602 1582 651 1629 aut
666 1572 746 1630 docti
765 1583 815 1629 aut
832 1572 949 1632 indocti
966 1579 1107 1637 movebit
1143 1574 1186 1636 Sed

149 1688 216 1727 cum
252 1671 289 1727 de
325 1669 463 1743 religione
498 1670 599 1743 agitur,
633 1670 678 1727 Ti.
709 1670 939 1742 Comncanium,
971 1674 1004 1731 P.
1030 1676 1186 1750 Scipionem,

149 1768 180 1823 P.
197 1768 376 1837 Scaevolam,
392 1767 546 1840 pontifices
561 1767 713 1837 maximos,
728 1784 789 1824 non
806 1768 961 1826 Zenonem
976 1780 1028 1829 aut
1044 1772 1221 1851 Cleantheuu¹

148 1873 197 1920 aut
221 1864 418 1938 Chrysippum
442 1882 549 1936 sequor
573 1863 727 1937 habeoque
751 1864 785 1921 C.
808 1864 942 1922 Laelium
968 1885 1112 1942 augurem
1132 1886 1186 1926 eun·

148 1960 276 2034 demque
292 1962 463 2034 sapientem,
479 1978 567 2033 quem
582 1961 678 2032 potius
696 1959 813 2017 audiam
830 1959 984 2020 dicentem
1007 1963 1047 2023 de
1069 1966 1186 2041 religione

147 2057 177 2114 in
198 2058 245 2113 illa
266 2058 397 2114 oratione
418 2057 507 2113 nobili
529 2074 618 2129 quam
640 2074 817 2130 quemquam
839 2057 1010 2133 principem
1032 2064 1186 2122 Stoicorum.

148 2154 282 2228 Cumque
305 2155 400 2211 omnis
422 2152 522 2228 populi
546 2153 673 2211 Romani
695 2154 795 2228 religio
818 2154 848 2211 in
870 2173 956 2214 sacra
978 2168 1010 2216 et
1031 2160 1062 2218 in
1077 2159 1187 2236 auspicia

146 2250 239 2307 divisa
252 2251 296 2320 sit,
312 2251 427 2307 tertium
443 2249 614 2307 adiunctum
629 2251 673 2321 sit,
689 2251 712 2307 si
733 2250 803 2324 quid
823 2251 1037 2325 praedictionis
1060 2275 1144 2316 causa
1159 2273 1209 2313 era

146 2348 286 2422 portentis
308 2357 337 2403 et
358 2348 493 2404 monstris
516 2347 637 2421 Sibyllae
659 2347 829 2421 interpretes
851 2347 1063 2425 hamspicesve
1082 2371 1186 2413 monue-

145 2455 220 2514 runt,
246 2444 348 2501 harum
372 2463 429 2518 ego
452 2444 623 2517 religionum
650 2446 759 2501 nullam
782 2463 923 2518 umquam
949 2451 1187 2510 contemnendam

146 2542 244 2615 putavi
265 2541 394 2615 mihique
414 2542 453 2598 ita
473 2541 611 2615 persuasi,
628 2541 787 2598 Romulum
802 2542 951 2615 auspiciis,
968 2546 1101 2606 Numam
1114 2547 1186 2607 sacris

145 2638 309 2694 constitutis
331 2638 520 2694 fundamenta
541 2637 643 2694 iecisse
665 2648 780 2695 nostrae
798 2638 930 2710 civitatis,
946 2659 1026 2716 quae
1040 2661 1186 2720 numquam

145 2735 277 2808 prolecto
292 2735 354 2791 sine
369 2753 483 2791 summa
497 2735 661 2808 placatione
677 2734 799 2792 deorum
815 2735 1014 2797 inmortalium
1035 2751 1117 2800 tanta
1134 2757 1210 2799 essen

119 2831 294 2904 apotuisset.
339 2831 451 2900 Habes
478 2830 576 2900 Balbe,
602 2830 673 2905 quid
698 2832 794 2902 Cotta,
820 2830 891 2906 quid
916 2837 1052 2908 pontifex
1077 2840 1171 2897 sentiat
1178 2856 1185 2908 ;

144 2927 190 2983 lac
205 2945 284 2984 nunc
299 2945 354 3001 ego
369 2927 544 3001 intellegam,
561 2939 591 2984 tu
607 2927 677 3001 quid
693 2929 809 2986 sentias.
839 2929 866 2985 A
879 2937 909 2987 te
924 2933 1006 2990 enim
1021 2935 1186 3011 philosopho

143 3025 286 3081 rationem
311 3025 445 3098 accipere
474 3023 570 3081 debeo
598 3025 752 3098 religionis,
779 3025 942 3086 maioribus,
965 3040 1066 3090 autem
1094 3031 1185 3091 nostris

114 3122 233 3184 aetiam
248 3121 325 3178 nulla
339 3122 450 3178 ratione
465 3120 580 3178 reddita
594 3121 723 3179 credere.
755 3124 831 3180 Tum
848 3122 974 3182 Balbus:
999 3127 1100 3201 Quam
1114 3130 1186 3204 igitur

143 3236 230 3275 ame
250 3218 401 3286 rationem,
424 3218 525 3291 inquit,
548 3217 643 3287 Cotta,
664 3218 833 3277 desideras?
875 3221 913 3278 Et
928 3220 994 3281 ille:
1019 3225 1210 3301 Quadriper-at

143 3316 203 3384 tita,
219 3315 320 3389 inquit,
335 3315 387 3371 luit
401 3314 504 3371 divisio
522 3324 580 3386 tua,
595 3315 721 3388 primum
740 3327 771 3373 ut
786 3316 873 3374 velles
894 3316 1005 3377 docere
1027 3321 1101 3381 deos
1121 3338 1183 3391 esse,

143 3410 251 3468 deinde
272 3409 372 3485 quales
394 3421 499 3480 essent,
515 3420 576 3468 tum
591 3411 628 3468 ab
647 3412 680 3477 iis
700 3412 845 3470 mundum
865 3414 935 3488 regi,
950 3426 1103 3490 postremo
1123 3436 1183 3476 con·

142 3508 234 3565 sulere
250 3526 301 3564 eos
315 3505 402 3563 rebus
416 3507 559 3564 humanis
604 3509 699 3580 Haec,
714 3510 831 3568 sirecte
849 3511 978 3583 memini,
994 3516 1111 3588 partitio
1131 3514 1183 3573 fuit.

142 3606 337 3672 Rectissume,
352 3602 445 3676 inquit
461 3603 586 3672 1321an
609 3604 661 3661 sed
677 3618 812 3680 expecto,
828 3607 899 3681 quid
913 3610 1051 3682 requiras.

117 3709 129 3750 r
181 3703 258 3759 Turn
273 3702 379 3761 Cotta:
404 3700 530 3755 Primum
545 3699 673 3773 quidque
688 3702 848 3775 videamus,
865 3704 976 3778 inquit;
998 3716 1037 3778 et,
1053 3709 1076 3766 si
1097 3708 1128 3767 id
1147 3714 1211 3766 esta
