2504 4170
322 298 392 348 un.
409 298 459 349 111.
491 298 785 360 cmxxv1,xxv11.
820 301 850 364 55
864 299 952 366 ⁶548·
1107 297 1167 364 157

94 459 213 525 quanto
235 468 367 510 munere
389 451 512 512 deorum
533 452 623 513 simus
644 453 774 513 adfecti?
814 456 911 530 Atque
932 452 1039 512 eadem
1057 451 1169 512 Medea

94 557 215 622 patrem
230 549 421 624 patriamque
436 550 566 625 fugiens:

756 628 952 706 postquam
973 641 1077 706 pater

184 705 478 802 lldpropinquat
502 727 646 803 iamque
674 746 791 804 paene
817 737 854 785 ut
882 726 1166 801 conprehenda-

61 843 78 883 s
797 828 855 882 tur
875 835 994 898 parat,

187 920 345 978 Puerum
374 920 516 978 interea
543 921 740 980 obtruncat
767 922 1001 996 membraque
1029 922 1165 979 articu-

798 1019 898 1075 latim
920 1017 1054 1075 dividit

189 1114 333 1189 Perque
363 1131 469 1189 agros
495 1118 632 1191 passim
660 1114 845 1191 dispergit
872 1118 1025 1190 corpus;
1062 1114 1098 1173 id
1126 1132 1167 1172 ea

796 1212 928 1286 grutia,

63 1324 92 1354 ¹0
189 1287 252 1378 slt,
274 1306 360 1366 dum
382 1308 460 1366 nati
481 1308 685 1383 dissipatos
707 1311 805 1366 urtus
830 1310 997 1382 captaret
1019 1326 1165 1382 parens,

192 1384 278 1480 lpsa
301 1404 449 1463 interea
472 1405 665 1480 effugeret,
687 1406 789 1463 illum
813 1415 850 1463 ut
877 1406 1020 1462 maeror
1042 1405 1166 1464 tarda-

797 1504 852 1559 ret
873 1502 992 1576 sequi,

192 1597 269 1656 Sibi
291 1598 448 1656 salutem
469 1607 507 1656 ut
529 1598 706 1656 familiari
728 1602 874 1674 pareret
896 1597 1108 1673 parricidio.

109 1727 193 1784 Huic
207 1735 240 1783 ut
253 1727 359 1797 scelus,
374 1727 417 1785 sic
431 1746 468 1786 ne
482 1730 554 1787 ratio
571 1728 692 1805 quidem
707 1729 809 1787 defuit.
852 1728 954 1802 Quid?
974 1729 1021 1787 ille
1038 1730 1165 1788 funestas
1178 1738 1204 1780 ⁶⁸

74 1843 98 1882 ιε
110 1824 214 1898 epulas
236 1823 314 1880 fratri
336 1841 501 1899 conparans
523 1843 623 1884 nonne
646 1835 740 1883 versat
763 1825 821 1883 bue
844 1835 873 1884 et
895 1826 964 1883 illuc
988 1827 1165 1900 cogitatione

110 1921 276 1979 rationem?

193 2037 313 2095 Maior
332 2035 421 2093 mihi
443 2036 571 2106 moles,
595 2035 707 2093 maius
730 2033 997 2093 miscendumst
1019 2036 1165 2106 malum,

193 2135 264 2209 Qui
292 2134 393 2191 illius
421 2134 593 2191 acerbum
618 2136 681 2191 cur
705 2131 931 2191 contundam
957 2141 991 2189 et
1016 2132 1164 2207 conpri-

878 2247 977 2286 marn.

83 2329 105 2358 ω
115 2313 179 2371 Nec
193 2322 293 2370 tamen
308 2311 356 2369 ille
370 2311 433 2386 ipse
448 2320 492 2368 est
505 2307 743 2386 praetereundus,
1173 2313 1208 2369 27

193 2427 270 2501 Qui
298 2431 377 2484 non
405 2434 465 2482 sat
492 2423 620 2483 habuit
649 2423 842 2497 coniugem
871 2421 993 2479 inlexe
1021 2425 1057 2479 ln
1084 2431 1164 2480 stu·

878 2535 994 2592 prum,

116 2603 226 2680 dequo
239 2612 321 2662 recte
336 2612 366 2660 et
379 2601 536 2661 verissume
551 2600 677 2676 loquitur
690 2601 812 2656 Atreus:

193 2716 365 2794 ...quod
385 2734 421 2774 re
442 2716 478 2774 in
498 2718 634 2774 summa
655 2731 829 2771 summum
850 2729 931 2769 esse
953 2711 1112 2770 arbitror

60 2825 105 2870 ’ῦς
194 2815 392 2885 Fericium,
414 2823 547 2871 matres
568 2809 803 2885 coinquinari
824 2809 960 2882 regias,

193 2910 450 2972 Contuminari
472 2913 624 2983 stirpem
647 2925 688 2964 ac
709 2907 857 2965 misceri
877 2923 1002 2979 genus.

115 3045 151 3102 At
163 3042 196 3102 id
210 3043 308 3119 ipsum
322 3059 411 3117 quam
426 3039 539 3110 callide,
555 3037 605 3112 qui
620 3055 742 3112 regnum
757 3035 899 3093 adulterio
914 3046 1085 3110 quaereret:

193 3172 313 3243 Adde,
341 3169 444 3246 inquit,
472 3168 556 3240 huc,
585 3165 683 3242 quod
711 3164 798 3223 mihi
819 3167 995 3239 portento
1024 3166 1164 3225 caeles·

876 3264 949 3319 tum
971 3272 1076 3336 pater

194 3364 406 3441 Prodigium
427 3362 540 3432 misit,
562 3359 664 3434 regni
686 3358 899 3416 stabilimen
921 3360 1004 3430 mei,

193 3465 332 3539 Agnum
354 3463 451 3519 inter
470 3456 634 3534 pecudes
656 3459 764 3512 aurea
785 3455 921 3512 clarum
942 3473 1046 3513 coma

193 3558 388 3635 Quondum
411 3556 610 3632 Thyestem
635 3553 784 3627 clepere
809 3569 933 3608 ausum
958 3569 1040 3609 esse
1069 3553 1086 3609 6
1110 3569 1164 3610 re·

876 3648 948 3722 eia,

194 3752 275 3830 Qua
294 3744 331 3814 iu
350 3768 387 3812 re
409 3747 629 3810 adiutricem
650 3745 846 3820 coniugem
867 3747 969 3820 cepit
989 3742 1070 3802 sibi.
