2504 4170
370 267 436 318 Lm.
448 268 484 318 11.
517 269 577 319 cn.
589 270 622 329 x,
634 270 682 319 x1.
716 272 747 334 ξς
761 284 849 334 24-30.
1095 259 1138 338 87

64 417 155 476 tione
187 420 382 479 recalescunt.
432 424 501 498 Ipse
531 441 601 481 vero
634 425 692 495 aer,
723 425 774 499 qui
804 434 907 482 natura
937 435 982 482 est
1010 427 1137 484 maxime

66 515 207 592 frigidus
223 518 345 574 minime
360 527 404 576 est
424 499 527 594 expers
549 521 653 578 caloris
663 541 672 594 3
694 522 739 578 ille
761 541 829 579 vero
851 531 880 579 et
901 522 993 580 multo
1015 523 1136 597 quidem
1149 538 1176 580 27

69 616 174 674 calore
189 614 339 674 admixtus
354 627 416 689 est,
438 618 500 693 ipse
515 620 595 676 enim
609 620 698 676 oritur
713 639 749 676 ex
763 620 952 694 respiratione
974 639 1135 696 aquarum3

71 730 178 770 earum
200 713 283 769 enirn
304 714 386 786 quasi
406 732 497 788 vapor
520 715 641 790 quidam
662 716 711 773 aer
732 715 886 775 habendus
907 727 952 775 est
962 739 970 790 ;
993 719 1017 775 is
1037 729 1137 777 autern

71 810 172 867 existit
196 818 281 866 motu
306 810 367 867 eius
391 811 503 882 caloris,
525 813 575 886 qui
595 813 678 886 aquis
699 813 874 873 continetur.
918 815 1016 889 Quam
1038 817 1137 875 simili-

70 905 211 964 tudinem
240 923 360 963 cernere
391 925 546 981 possumus
576 909 607 966 in
637 909 671 966 iis
701 910 794 984 aquis,
826 929 901 986 quae
934 912 1138 973 ecservescunt

71 995 200 1054 subditis
223 995 346 1070 ignibus
397 998 461 1054 Iam
483 1016 552 1055 vero
574 999 686 1073 reliqua
707 1011 808 1074 quarta
829 1019 894 1076 pars
915 1002 1027 1074 mundi,
1050 1022 1086 1060 ea
1107 1016 1136 1062 et

72 1092 138 1167 ipsa
151 1100 217 1149 tota
229 1100 333 1149 natura
346 1092 456 1151 fervida
469 1103 513 1151 est
528 1103 557 1152 et
571 1097 676 1153 ceteris
691 1098 798 1155 naturis
820 1099 957 1157 omnibus
980 1102 1134 1158 salutarem

72 1188 194 1264 inpertit
213 1198 244 1246 et
262 1188 378 1247 vitalem
398 1191 533 1249 calorem.
577 1193 623 1249 Ex
644 1189 703 1267 quo
725 1194 918 1266 concluditur,
940 1214 1008 1254 curn
1029 1214 1172 1255 omnesne

73 1285 179 1344 mundi
200 1295 300 1360 partes
316 1287 511 1345 sustineantur
531 1289 637 1360 calore,
659 1291 802 1348 mundum
824 1293 912 1349 etiarn
933 1293 1028 1367 ipsum
1050 1295 1134 1351 simili

72 1384 196 1460 parique
210 1392 315 1440 natura
328 1383 359 1440 in
373 1393 454 1442 tanta
468 1384 656 1444 diuturnitate
674 1389 788 1458 servari,
810 1407 906 1462 eoque
928 1392 1029 1464 magis,
1051 1390 1134 1464 quod

72 1481 203 1557 intellegi
221 1480 312 1538 debet
333 1480 462 1540 calidum
485 1483 555 1541 illud
575 1493 664 1559 atque
685 1485 802 1558 igneum
824 1485 864 1542 ita
885 1486 914 1543 in
935 1488 1016 1543 omni
1037 1487 1133 1545 susum

73 1592 139 1638 esse
154 1588 269 1649 natura,
284 1587 317 1636 ut
336 1578 367 1637 in
387 1597 425 1636 eo
447 1580 514 1637 insit
535 1580 708 1655 procreandi
729 1582 771 1638 vis
792 1591 822 1639 et
842 1600 932 1639 causa
952 1584 1099 1658 gignendi,
1115 1603 1135 1641 a

72 1695 134 1752 quo
149 1686 179 1734 et
194 1676 354 1733 animantia
368 1677 468 1734 omnia
482 1687 511 1735 et
525 1696 569 1750 ea,
584 1696 710 1752 quorum
724 1679 827 1754 stirpes
841 1688 916 1737 terra
936 1681 1132 1752 continentur,

72 1783 103 1832 et
117 1774 201 1831 nasci
215 1774 252 1831 sit
266 1791 388 1832 necesse
404 1784 434 1831 et
447 1793 614 1849 augescere.

114 1872 229 1929 Natura
250 1879 294 1928 est
315 1871 407 1945 igitur,
423 1889 498 1945 quae
521 1873 669 1930 contineat
692 1872 837 1931 mundum
859 1892 979 1931 omnem
1002 1859 1172 1965 eumquelss

72 1977 198 2039 tueatur,
213 1976 245 2025 et
265 1985 300 2024 ea
320 1967 441 2042 quidem
462 1987 522 2025 non
545 1969 608 2026 sine
631 1987 718 2027 sensu
744 1978 831 2044 atque
855 1970 967 2027 ratione
978 1992 986 2042 3
1008 1988 1131 2028 omnem

72 2065 153 2124 enim
168 2075 302 2122 naturam
317 2082 438 2122 necesse
453 2076 505 2136 est,
521 2084 596 2140 quae
611 2084 671 2123 non
686 2067 811 2123 solitaria
829 2067 865 2123 sit
885 2084 982 2141 neque
997 2068 1129 2142 simplex,

72 2162 127 2221 sed
144 2180 215 2220 curn
236 2162 293 2219 alio
314 2162 414 2219 iuncta
434 2172 521 2237 atque
544 2181 666 2233 conexa,
682 2162 788 2221 habere
806 2164 933 2237 aliquem
952 2164 982 2220 in
1001 2183 1033 2222 se
1052 2165 1129 2238 prin-

59 2261 215 2336 cipatum,
245 2267 277 2316 ut
311 2259 341 2317 in
375 2259 494 2316 homine
524 2269 662 2330 mentem,
694 2260 723 2317 in
750 2260 837 2318 belua
864 2260 1008 2335 quiddam
1037 2262 1130 2319 simile

70 2357 189 2428 mentis,
204 2354 285 2413 unde
307 2356 435 2414 oriantur
454 2374 549 2415 rerum
571 2356 725 2431 adpetitus.
768 2358 803 2414 In
824 2357 959 2414 arborum
980 2368 1079 2414 autern
1101 2368 1131 2415 et

70 2473 174 2514 earum
197 2471 303 2524 rerum,
325 2471 401 2528 quae
429 2454 584 2528 gignuntur
611 2473 627 2510 e
656 2464 739 2524 terra,
762 2454 907 2511 radicibus
932 2455 1026 2512 inesse
1052 2455 1130 2530 prin·

70 2553 188 2626 cipatus
222 2559 348 2626 putatur.
390 2549 587 2624 Principatum
623 2561 721 2607 autem
750 2550 781 2607 id
809 2550 887 2622 dico,
913 2551 995 2627 quod
1023 2553 1131 2611 Graeci

69 2645 237 2728 ἡγεμονικόν
250 2656 366 2718 vocant,
381 2664 441 2720 quo
461 2647 532 2704 nihil
554 2648 583 2704 in
605 2666 724 2721 quoque
747 2666 853 2722 genere
876 2667 932 2708 nec
954 2660 1052 2726 potest
1074 2668 1131 2707 nec

70 2744 162 2804 debet
185 2762 249 2802 esse
274 2743 475 2818 praestantius
518 2746 565 2802 Ita
588 2762 710 2801 necesse
735 2754 780 2801 est
804 2743 875 2802 illud
901 2750 998 2817 etiam,
1021 2749 1130 2821 inquo

69 2843 107 2901 sit
134 2843 225 2900 totius
253 2851 372 2898 naturae
399 2840 587 2916 principatus,
610 2859 672 2897 esse
702 2842 835 2898 omnium
861 2846 1008 2918 optimum
1035 2845 1129 2903 omni-

68 2958 181 3015 umque
206 2957 303 2996 rerum
327 2947 471 3013 potestate
496 2937 707 3013 dominatuque
733 2938 944 3014 dignissimum.
986 2942 1128 2998 Videmus
1140 2953 1166 2994 so

68 3047 169 3095 autem
185 3037 215 3094 in
230 3036 360 3111 partibus
375 3035 477 3094 mundi
497 3035 582 3112 (nihil
597 3045 641 3093 est
655 3036 733 3093 enim
755 3037 784 3092 in
806 3038 887 3094 omni
908 3037 1030 3108 munde,
1046 3038 1127 3113 quod

67 3154 130 3193 non
150 3153 219 3209 pars
240 3133 366 3191 universi
387 3133 438 3207 sit)
464 3132 559 3191 inesse
584 3150 702 3190 sensum
724 3142 811 3208 atque
835 3134 987 3192 rationem.
1031 3136 1066 3192 In
1091 3154 1127 3192 ea

67 3241 151 3307 parte
184 3231 278 3305 igitur,
308 3230 338 3286 in
366 3248 424 3303 qua
457 3229 560 3288 mundi
595 3229 670 3286 inest
704 3231 892 3305 principatus
922 3229 995 3286 haec
1030 3231 1125 3289 inesse

67 3347 191 3387 necesse
207 3337 259 3398 est,
275 3337 305 3384 et
318 3327 430 3384 acriora
443 3328 563 3402 quidem
578 3338 666 3402 atque
680 3328 798 3384 maiora.
843 3328 991 3401 Quocirca
1010 3329 1124 3402 sapien·

67 3438 128 3485 tem
157 3443 223 3483 esse
251 3423 396 3482 mundum
423 3443 543 3483 necesse
574 3435 625 3494 est,
654 3435 845 3499 naturamque
875 3442 949 3495 earn,
976 3443 1051 3499 quae
1079 3444 1125 3482 res

67 3543 172 3582 omnes
202 3522 348 3596 conplexa
375 3531 481 3593 teneat,
505 3522 683 3597 perfectione
711 3522 830 3578 rationis
855 3521 1005 3592 excellere,
1028 3540 1123 3596 eoque

67 3621 158 3680 deum
173 3637 238 3678 esse
253 3617 407 3690 mundum,
422 3636 600 3693 omnemque
614 3619 673 3674 virn
695 3617 796 3675 mundi
817 3627 920 3674 natura
934 3617 1031 3687 divina
1053 3637 1123 3675 con·

66 3717 160 3777 tineri.
204 3718 301 3790 Atque
322 3714 411 3772 etiam
431 3714 534 3773 mundi
555 3714 602 3772 ille
624 3714 719 3771 fervor
740 3713 846 3788 purior,
862 3713 1038 3787 perlucidior
1060 3733 1122 3772 mo-
