2504 4170
125 251 187 316 130
449 250 498 300 nu
519 250 664 301 uarum
687 249 849 302 unorum.

120 403 215 462 bubus
229 403 352 479 loquar?
372 422 497 480 quorum
511 404 574 479 ipsa
588 413 669 479 terga
683 403 833 464 declarant
847 424 912 464 non
927 424 995 464 esse
1010 425 1042 465 se
1057 404 1094 465 ad
1107 424 1166 465 onus
1193 437 1200 461 ι

122 500 327 576 accipiendum
356 502 477 575 figurata
485 522 494 574 3
524 502 653 559 cervices
680 511 779 558 autem
807 513 895 560 natae
922 503 963 560 ad
987 504 1096 579 iugum,
1117 513 1166 560 turu

121 600 193 655 vires
209 615 376 655 umerorum
390 608 420 654 et
434 598 601 655 latitudines
615 597 654 656 ad
669 609 761 656 aratra
779 596 1012 676 [ex]trahenda.
1056 600 1164 674 Quibus,

121 713 190 752 cum
205 704 297 750 terrae
312 695 513 768 subigerentur
526 694 644 751 fissione
659 695 818 769 glebarum,
834 696 874 752 ab
888 696 939 752 illo
956 715 1048 754 aureo
1065 713 1165 772 genere,

122 802 152 847 ut
166 791 271 865 poetae
287 791 452 865 loquuntur,
467 792 510 848 vis
524 791 602 848 nulla
615 809 756 866 umquam
769 791 968 852 adserebatur.
1179 815 1187 853 s

202 950 335 1006 Ferrea
355 959 428 1006 tum
449 968 534 1007 vero
555 949 678 1024 proles
699 960 827 1007 exorta
846 962 1005 1026 repente
1026 963 1082 1010 est

201 1048 371 1120 Ansaque
393 1047 579 1104 funestum
601 1047 716 1122 prima
736 1056 792 1104 est
812 1048 1039 1108 fabricarier
1058 1065 1167 1108 ensem

202 1144 247 1201 Et
275 1152 422 1217 gustare
452 1160 557 1201 manu
585 1144 748 1201 vinctum
770 1142 1029 1221 domitumque
1054 1147 1167 1204 iuven·

929 1261 1027 1302 cum.

119 1383 215 1440 Tanta
237 1380 393 1457 putabatur
415 1380 520 1438 utilitas
543 1381 655 1455 percipi
678 1399 695 1438 e
718 1380 823 1452 bubus,
845 1391 877 1440 ut
898 1400 1004 1441 eorum
1021 1385 1192 1442 visceribusro

77 1480 200 1541 blvesci
237 1477 333 1535 scelus
371 1477 533 1535 haberetur.
598 1478 733 1552 Longum
774 1487 819 1535 est
856 1479 1006 1538 mulorum
1044 1479 1168 1556 persequi

121 1576 257 1633 utilitates
281 1583 310 1631 et
333 1574 489 1644 asinorum,
513 1592 588 1647 quae
611 1585 690 1631 certe
713 1573 752 1631 ad
775 1572 929 1632 hominurn
952 1595 1040 1634 usum
1062 1588 1167 1653 paratae

77 1689 113 1729 roo
122 1682 197 1729 sunt.
240 1672 294 1730 Sus
319 1689 388 1728 vero
413 1670 485 1744 quid
510 1671 598 1728 babet
622 1682 737 1744 praeter
761 1672 882 1729 escam?
909 1672 959 1730 cui
983 1673 1116 1748 quidem,
1137 1690 1168 1731 ne

121 1777 296 1843 putesceret,
308 1768 436 1824 animam
452 1767 544 1840 ipsam
560 1784 614 1840 pro
628 1768 687 1823 sale
703 1766 802 1824 datam
814 1767 887 1825 dicit
901 1786 967 1827 esse
978 1759 1153 1846 Chrysippus
1161 1788 1168 1841 ;

122 1883 180 1939 qua
202 1863 328 1938 pecude,
352 1862 433 1937 quod
459 1872 520 1920 erat
544 1862 583 1920 ad
605 1863 786 1920 vescendum
811 1863 981 1923 hominibus
1009 1877 1086 1944 apta,
1108 1865 1194 1925 nihilo

121 1962 221 2035 genuit
249 1970 353 2018 natura
380 1959 545 2018 fecundius.
591 1960 672 2033 Quid
700 1959 918 2018 multitudinem
946 1964 1168 2038 suavitatemque

122 2058 247 2132 piscium
262 2057 381 2114 dicam?
402 2056 473 2131 quid
488 2057 606 2114 avium?
626 2058 782 2132 exquibus
800 2067 881 2114 tanta
901 2061 1066 2135 percipitur
1078 2061 1169 2135 volup

121 2164 174 2224 tas,
186 2163 218 2211 ut
232 2153 378 2211 interdum
391 2155 524 2210 Pronoea
537 2163 636 2210 nostra
648 2154 794 2228 Epicurea
808 2154 895 2212 fuisse
906 2155 1051 2216 videatur.
1082 2160 1170 2232 Atque

123 2269 175 2308 eae
190 2270 227 2308 ne
242 2261 416 2325 caperentur
430 2249 551 2324 quidem
565 2251 620 2307 nisi
636 2249 790 2307 hominum
800 2251 913 2309 ratione
928 2261 1018 2328 atque
1034 2255 1169 2324 sollertia;

123 2366 301 2422 quamquam
316 2348 376 2404 avis
391 2345 542 2420 quasdam,
559 2357 588 2404 et
603 2347 685 2405 alites
702 2357 731 2405 et
748 2348 873 2419 oscines,
888 2358 921 2406 ut
941 2351 1036 2408 nostri
1056 2368 1197 2427 auguresa⁰

78 2462 114 2501 rar
123 2445 278 2519 appellant,
292 2462 388 2501 rerum
403 2444 636 2517 augurandarum
651 2463 740 2502 causa
754 2462 818 2502 esse
832 2455 915 2502 natas
930 2457 1079 2520 putamus.
1114 2449 1171 2505 Iam

122 2560 191 2598 vero
206 2542 348 2598 immanes
364 2551 393 2597 et
408 2540 481 2597 seras
496 2541 595 2598 beluas
610 2542 806 2599 nanciscimur
818 2543 967 2614 venando,
982 2554 1016 2602 ut
1035 2555 1066 2603 et
1079 2563 1170 2603 vesca·

122 2657 187 2694 mur
210 2638 244 2694 iis
269 2647 298 2694 et
323 2655 510 2695 exerceamur
535 2638 565 2694 in
587 2638 724 2696 venando
748 2638 787 2696 ad
811 2640 1032 2698 similitudinem
1057 2642 1171 2700 bellicae

123 2735 294 2808 disciplinae
316 2745 346 2793 et
366 2745 483 2792 utamur
504 2733 622 2793 domitis
644 2747 673 2793 et
698 2735 929 2807 condocesactis‚
951 2746 985 2796 ut
1006 2738 1170 2814 elephantis,

122 2832 270 2906 multaque
294 2849 331 2888 ex
353 2850 453 2889 earum
477 2833 646 2906 corporibus
671 2833 801 2890 remedia
826 2833 934 2891 morbis
960 2843 990 2892 et
1012 2835 1171 2893 vulneribus
1181 2847 1198 2885 ²⁵

123 2928 271 3002 eligamus,
287 2928 362 2984 sicut
381 2947 417 2986 ex
439 2927 615 3002 quibusdam
636 2931 772 3004 stirpibus
793 2939 824 2987 et
844 2930 949 3002 herbis,
965 2949 1089 3006 quarum
1103 2930 1170 2989 utili·

122 3036 196 3082 tates
218 3024 368 3098 longinqui
389 3025 529 3099 temporis
544 3044 597 3083 usu
612 3037 642 3083 et
656 3027 866 3100 periclitatione
880 3029 1077 3104 percepimus.
1117 3029 1172 3086 To·

123 3132 183 3179 tam
209 3122 278 3179 licet
305 3121 409 3179 animis
437 3130 586 3196 tamquam
614 3122 706 3180 oculis
734 3123 853 3181 lustrare
887 3133 994 3182 terram
1029 3127 1171 3200 mariaque

122 3219 221 3276 omnia
231 3239 240 3290 3
269 3236 372 3275 cernes
393 3219 452 3275 iam
473 3220 567 3291 spatia
586 3219 720 3295 frugifera
740 3231 828 3295 atque
849 3221 983 3279 inmensa
1004 3239 1171 3298 camporum

121 3316 299 3390 vestitusque
315 3313 504 3372 densissimos
518 3317 672 3388 montium,
688 3316 839 3392 pecudum
853 3327 961 3393 pastus,
973 3328 1037 3377 tum
1051 3317 1170 3377 incredi·
1181 3336 1200 3375 ³⁰

81 3412 171 3471 mabili
195 3429 295 3469 cursus
317 3412 478 3469 maritimos
501 3410 658 3471 celeritate.
700 3414 768 3470 Nec
785 3432 856 3472 vero
878 3433 966 3489 supra
985 3425 1102 3486 terram,
1123 3411 1172 3472 sed

123 3509 210 3565 etiam
232 3509 262 3565 in
283 3507 402 3565 intumis
424 3507 486 3564 eius
508 3509 635 3566 tenebris
656 3511 844 3584 plurimarum
864 3530 961 3568 rerum
975 3511 1046 3570 latet
1058 3512 1171 3579 utilitas,

122 3623 199 3680 quae
213 3604 252 3663 ad
266 3623 353 3662 usum
368 3602 521 3660 hominum
535 3614 599 3662 orta
612 3590 649 3662 ab
665 3604 832 3665 hominibus
847 3609 915 3666 solis
929 3608 1084 3668 invenitur.

80 3707 114 3762 tt
164 3700 241 3760 Illud
254 3719 334 3775 vero,
349 3697 432 3774 quod
445 3707 568 3770 uterque
582 3710 711 3760 vestrum
724 3703 841 3781 arripiet
857 3705 977 3764 sortasse
999 3704 1039 3764 ad
1058 3721 1171 3782 repren-
