<?xml version="1.0" encoding="UTF-8"?>
<!DOCTYPE html PUBLIC "-//W3C//DTD XHTML 1.0 Transitional//EN"
    "http://www.w3.org/TR/xhtml1/DTD/xhtml1-transitional.dtd">
<html xmlns="http://www.w3.org/1999/xhtml" xml:lang="en" lang="en">
 <head>
  <title>
</title>
<meta http-equiv="Content-Type" content="text/html;charset=utf-8" />
  <meta name='ocr-system' content='tesseract 3.04.00' />
  <meta name='ocr-capabilities' content='ocr_page ocr_carea ocr_par ocr_line ocrx_word'/>
</head>
<body>
  <div class='ocr_page' id='page_1' title='image "./mtulliiciceroni01schgoog_0072.png"; bbox 0 0 2504 4170; ppageno 0'>
   <div class='ocr_carea' id='block_1_1' title="bbox 292 270 1172 350">
    <p class='ocr_par' dir='ltr' id='par_1_1' title="bbox 292 270 1172 350">
     <span class='ocr_line' id='line_1_1' title="bbox 292 270 1172 350; baseline -0.002 -16"><span class='ocrx_word' id='word_1_1' title='bbox 292 285 359 334; x_wconf 74' lang='lat' dir='ltr'>Lus.</span> <span class='ocrx_word' id='word_1_2' title='bbox 377 286 399 335; x_wconf 94' lang='lat'>1.</span> <span class='ocrx_word' id='word_1_3' title='bbox 432 286 785 335; x_wconf 66' lang='lat' dir='ltr'>cluxxxvr-xxxvru.</span> <span class='ocrx_word' id='word_1_4' title='bbox 820 285 851 350; x_wconf 69' lang='lat'>§5</span> <span class='ocrx_word' id='word_1_5' title='bbox 867 295 986 350; x_wconf 83' lang='lat' dir='ltr'>loo-105.</span> <span class='ocrx_word' id='word_1_6' title='bbox 1130 270 1172 350; x_wconf 84' lang='lat'>63</span> 
     </span>
    </p>
   </div>
   <div class='ocr_carea' id='block_1_2' title="bbox 69 437 1214 3811">
    <p class='ocr_par' dir='ltr' id='par_1_2' title="bbox 69 437 1214 3811">
     <span class='ocr_line' id='line_1_2' title="bbox 113 437 1214 513; baseline -0.002 -15"><span class='ocrx_word' id='word_1_7' title='bbox 113 440 187 498; x_wconf 89' lang='lat' dir='ltr'>nihil</span> <span class='ocrx_word' id='word_1_8' title='bbox 208 440 374 498; x_wconf 88' lang='lat' dir='ltr'>cessatione</span> <span class='ocrx_word' id='word_1_9' title='bbox 397 439 498 498; x_wconf 92' lang='lat' dir='ltr'>melius</span> <span class='ocrx_word' id='word_1_10' title='bbox 521 440 673 497; x_wconf 88' lang='lat' dir='ltr'>existimat.</span> <span class='ocrx_word' id='word_1_11' title='bbox 715 440 753 496; x_wconf 85' lang='lat' dir='ltr'>At</span> <span class='ocrx_word' id='word_1_12' title='bbox 772 439 827 513; x_wconf 92' lang='lat' dir='ltr'>ipsi</span> <span class='ocrx_word' id='word_1_13' title='bbox 849 447 947 496; x_wconf 92' lang='lat' dir='ltr'>tamen</span> <span class='ocrx_word' id='word_1_14' title='bbox 967 437 1059 513; x_wconf 90' lang='lat' dir='ltr'>pueri,</span> <span class='ocrx_word' id='word_1_15' title='bbox 1083 439 1214 504; x_wconf 66' lang='lat' dir='ltr'>etiamst</span> 
     </span>
     <span class='ocr_line' id='line_1_3' title="bbox 114 535 1173 610; baseline -0.001 -16"><span class='ocrx_word' id='word_1_16' title='bbox 114 556 184 595; x_wconf 91' lang='lat' dir='ltr'>cum</span> <span class='ocrx_word' id='word_1_17' title='bbox 200 547 327 607; x_wconf 90' lang='lat' dir='ltr'>cessant,</span> <span class='ocrx_word' id='word_1_18' title='bbox 343 537 549 594; x_wconf 84' lang='lat' dir='ltr'>exercitatione</span> <span class='ocrx_word' id='word_1_19' title='bbox 564 537 660 610; x_wconf 88' lang='lat' dir='ltr'>aliqua</span> <span class='ocrx_word' id='word_1_20' title='bbox 673 535 785 593; x_wconf 90' lang='lat' dir='ltr'>ludicra</span> <span class='ocrx_word' id='word_1_21' title='bbox 803 535 1004 607; x_wconf 90' lang='lat' dir='ltr'>delectantur;</span> <span class='ocrx_word' id='word_1_22' title='bbox 1026 535 1115 592; x_wconf 91' lang='lat' dir='ltr'>deum</span> <span class='ocrx_word' id='word_1_23' title='bbox 1130 537 1173 594; x_wconf 91' lang='lat' dir='ltr'>sic</span> 
     </span>
     <span class='ocr_line' id='line_1_4' title="bbox 113 631 1171 706; baseline 0 -16"><span class='ocrx_word' id='word_1_24' title='bbox 113 634 251 690; x_wconf 82' lang='lat' dir='ltr'>feriatum</span> <span class='ocrx_word' id='word_1_25' title='bbox 275 633 408 690; x_wconf 90' lang='lat' dir='ltr'>volumus</span> <span class='ocrx_word' id='word_1_26' title='bbox 432 633 595 690; x_wconf 91' lang='lat' dir='ltr'>cessatione</span> <span class='ocrx_word' id='word_1_27' title='bbox 627 642 751 706; x_wconf 89' lang='lat' dir='ltr'>torpere,</span> <span class='ocrx_word' id='word_1_28' title='bbox 780 642 821 702; x_wconf 93' lang='lat' dir='ltr'>ut,</span> <span class='ocrx_word' id='word_1_29' title='bbox 853 631 878 689; x_wconf 90' lang='lat' dir='ltr'>si</span> <span class='ocrx_word' id='word_1_30' title='bbox 908 649 939 688; x_wconf 92' lang='lat' dir='ltr'>se</span> <span class='ocrx_word' id='word_1_31' title='bbox 971 634 1171 704; x_wconf 91' lang='lat' dir='ltr'>commoverit,</span> 
     </span>
     <span class='ocr_line' id='line_1_5' title="bbox 112 729 1171 804; baseline 0.002 -17"><span class='ocrx_word' id='word_1_32' title='bbox 112 748 277 800; x_wconf 86' lang='lat' dir='ltr'>vereamur,</span> <span class='ocrx_word' id='word_1_33' title='bbox 297 747 335 787; x_wconf 92' lang='lat' dir='ltr'>ne</span> <span class='ocrx_word' id='word_1_34' title='bbox 355 730 457 787; x_wconf 90' lang='lat' dir='ltr'>beatus</span> <span class='ocrx_word' id='word_1_35' title='bbox 473 746 537 786; x_wconf 92' lang='lat' dir='ltr'>esse</span> <span class='ocrx_word' id='word_1_36' title='bbox 556 747 618 787; x_wconf 92' lang='lat' dir='ltr'>non</span> <span class='ocrx_word' id='word_1_37' title='bbox 636 729 748 804; x_wconf 84' lang='lat' dir='ltr'><strong>possit?</strong></span> <span class='ocrx_word' id='word_1_38' title='bbox 789 729 876 786; x_wconf 90' lang='lat' dir='ltr'>Haec</span> <span class='ocrx_word' id='word_1_39' title='bbox 893 729 985 786; x_wconf 90' lang='lat' dir='ltr'>oratio</span> <span class='ocrx_word' id='word_1_40' title='bbox 1003 748 1063 787; x_wconf 94' lang='lat' dir='ltr'>non</span> <span class='ocrx_word' id='word_1_41' title='bbox 1080 731 1171 789; x_wconf 91' lang='lat' dir='ltr'>modo</span> 
     </span>
     <span class='ocr_line' id='line_1_6' title="bbox 81 824 1171 901; baseline 0.001 -16"><span class='ocrx_word' id='word_1_42' title='bbox 81 849 92 886; x_wconf 84' lang='lat' dir='ltr'>s</span> <span class='ocrx_word' id='word_1_43' title='bbox 113 825 188 884; x_wconf 93' lang='lat' dir='ltr'>deos</span> <span class='ocrx_word' id='word_1_44' title='bbox 202 826 314 901; x_wconf 90' lang='lat' dir='ltr'>spoliat</span> <span class='ocrx_word' id='word_1_45' title='bbox 331 835 413 883; x_wconf 92' lang='lat' dir='ltr'>motu</span> <span class='ocrx_word' id='word_1_46' title='bbox 432 834 462 883; x_wconf 92' lang='lat' dir='ltr'>et</span> <span class='ocrx_word' id='word_1_47' title='bbox 480 825 595 882; x_wconf 89' lang='lat' dir='ltr'>actione</span> <span class='ocrx_word' id='word_1_48' title='bbox 616 824 723 896; x_wconf 85' lang='lat' dir='ltr'>divina,</span> <span class='ocrx_word' id='word_1_49' title='bbox 742 824 796 883; x_wconf 93' lang='lat' dir='ltr'>sed</span> <span class='ocrx_word' id='word_1_50' title='bbox 815 826 903 884; x_wconf 89' lang='lat' dir='ltr'>etiam</span> <span class='ocrx_word' id='word_1_51' title='bbox 922 826 1056 885; x_wconf 88' lang='lat' dir='ltr'>homines</span> <span class='ocrx_word' id='word_1_52' title='bbox 1073 829 1171 886; x_wconf 91' lang='lat' dir='ltr'>inertis</span> 
     </span>
     <span class='ocr_line' id='line_1_7' title="bbox 112 921 1170 998; baseline 0.004 -19"><span class='ocrx_word' id='word_1_53' title='bbox 112 922 213 994; x_wconf 88' lang='lat' dir='ltr'><strong>efficit,</strong></span> <span class='ocrx_word' id='word_1_54' title='bbox 240 921 386 997; x_wconf 91' lang='lat' dir='ltr'>siquidem</span> <span class='ocrx_word' id='word_1_55' title='bbox 409 939 498 998; x_wconf 91' lang='lat' dir='ltr'>agens</span> <span class='ocrx_word' id='word_1_56' title='bbox 526 921 635 997; x_wconf 92' lang='lat' dir='ltr'>aliquid</span> <span class='ocrx_word' id='word_1_57' title='bbox 661 940 700 980; x_wconf 93' lang='lat' dir='ltr'>ne</span> <span class='ocrx_word' id='word_1_58' title='bbox 727 922 801 981; x_wconf 88' lang='lat' dir='ltr'>deus</span> <span class='ocrx_word' id='word_1_59' title='bbox 828 922 948 997; x_wconf 91' lang='lat' dir='ltr'>quidem</span> <span class='ocrx_word' id='word_1_60' title='bbox 977 942 1041 982; x_wconf 91' lang='lat' dir='ltr'>esse</span> <span class='ocrx_word' id='word_1_61' title='bbox 1069 925 1170 983; x_wconf 90' lang='lat' dir='ltr'>beatus</span> 
     </span>
     <span class='ocr_line' id='line_1_8' title="bbox 111 1028 221 1095; baseline 0 -18"><span class='ocrx_word' id='word_1_62' title='bbox 111 1028 221 1095; x_wconf 89' lang='lat' dir='ltr'>potest.</span> 
     </span>
     <span class='ocr_line' id='line_1_9' title="bbox 152 1115 1213 1195; baseline 0.004 -21"><span class='ocrx_word' id='word_1_63' title='bbox 152 1118 266 1174; x_wconf 91' lang='lat' dir='ltr'>Verum</span> <span class='ocrx_word' id='word_1_64' title='bbox 287 1117 325 1174; x_wconf 93' lang='lat' dir='ltr'>sit</span> <span class='ocrx_word' id='word_1_65' title='bbox 345 1135 425 1188; x_wconf 91' lang='lat' dir='ltr'>sane,</span> <span class='ocrx_word' id='word_1_66' title='bbox 447 1124 481 1175; x_wconf 93' lang='lat' dir='ltr'>ut</span> <span class='ocrx_word' id='word_1_67' title='bbox 503 1115 598 1187; x_wconf 87' lang='lat' dir='ltr'>vultis,</span> <span class='ocrx_word' id='word_1_68' title='bbox 621 1115 693 1175; x_wconf 91' lang='lat' dir='ltr'>deus</span> <span class='ocrx_word' id='word_1_69' title='bbox 716 1117 826 1193; x_wconf 88' lang='lat' dir='ltr'>effigies</span> <span class='ocrx_word' id='word_1_70' title='bbox 852 1118 977 1176; x_wconf 91' lang='lat' dir='ltr'>hominis</span> <span class='ocrx_word' id='word_1_71' title='bbox 1002 1130 1031 1177; x_wconf 92' lang='lat' dir='ltr'>et</span> <span class='ocrx_word' id='word_1_72' title='bbox 1053 1120 1149 1195; x_wconf 82' lang='lat' dir='ltr'>imago</span> <span class='ocrx_word' id='word_1_73' title='bbox 1160 1138 1213 1193; x_wconf 75' lang='lat' dir='ltr'>,rm</span> 
     </span>
     <span class='ocr_line' id='line_1_10' title="bbox 111 1213 1169 1290; baseline 0.003 -18"><span class='ocrx_word' id='word_1_74' title='bbox 111 1213 195 1289; x_wconf 91' lang='lat' dir='ltr'>quod</span> <span class='ocrx_word' id='word_1_75' title='bbox 209 1214 273 1272; x_wconf 91' lang='lat' dir='ltr'>eius</span> <span class='ocrx_word' id='word_1_76' title='bbox 288 1223 332 1271; x_wconf 92' lang='lat' dir='ltr'>est</span> <span class='ocrx_word' id='word_1_77' title='bbox 346 1213 548 1272; x_wconf 82' lang='lat' dir='ltr'>domicilium?</span> <span class='ocrx_word' id='word_1_78' title='bbox 568 1232 643 1288; x_wconf 90' lang='lat' dir='ltr'>quae</span> <span class='ocrx_word' id='word_1_79' title='bbox 657 1214 764 1272; x_wconf 87' lang='lat' dir='ltr'>sedes?</span> <span class='ocrx_word' id='word_1_80' title='bbox 784 1216 835 1290; x_wconf 92' lang='lat' dir='ltr'>qui</span> <span class='ocrx_word' id='word_1_81' title='bbox 848 1216 952 1274; x_wconf 84' lang='lat' dir='ltr'>locus?</span> <span class='ocrx_word' id='word_1_82' title='bbox 970 1235 1046 1290; x_wconf 92' lang='lat' dir='ltr'>quae</span> <span class='ocrx_word' id='word_1_83' title='bbox 1061 1217 1169 1276; x_wconf 91' lang='lat' dir='ltr'>deinde</span> 
     </span>
     <span class='ocr_line' id='line_1_11' title="bbox 72 1310 1171 1386; baseline 0.004 -18"><span class='ocrx_word' id='word_1_84' title='bbox 72 1335 98 1362; x_wconf 85' lang='lat'>10</span> <span class='ocrx_word' id='word_1_85' title='bbox 110 1313 190 1368; x_wconf 90' lang='lat' dir='ltr'>actio</span> <span class='ocrx_word' id='word_1_86' title='bbox 215 1311 315 1368; x_wconf 86' lang='lat' dir='ltr'>vitae?</span> <span class='ocrx_word' id='word_1_87' title='bbox 334 1311 439 1385; x_wconf 90' lang='lat' dir='ltr'>quibus</span> <span class='ocrx_word' id='word_1_88' title='bbox 463 1311 560 1381; x_wconf 91' lang='lat' dir='ltr'>rebus,</span> <span class='ocrx_word' id='word_1_89' title='bbox 585 1310 616 1367; x_wconf 92' lang='lat' dir='ltr'>id</span> <span class='ocrx_word' id='word_1_90' title='bbox 640 1311 721 1386; x_wconf 92' lang='lat' dir='ltr'>quod</span> <span class='ocrx_word' id='word_1_91' title='bbox 746 1314 840 1384; x_wconf 90' lang='lat' dir='ltr'>vultis,</span> <span class='ocrx_word' id='word_1_92' title='bbox 866 1313 967 1371; x_wconf 90' lang='lat' dir='ltr'>beatus</span> <span class='ocrx_word' id='word_1_93' title='bbox 990 1315 1055 1371; x_wconf 86' lang='lat' dir='ltr'>est?</span> <span class='ocrx_word' id='word_1_94' title='bbox 1075 1324 1171 1372; x_wconf 89' lang='lat' dir='ltr'>utatur</span> 
     </span>
     <span class='ocr_line' id='line_1_12' title="bbox 111 1409 1169 1484; baseline 0.004 -19"><span class='ocrx_word' id='word_1_95' title='bbox 111 1410 192 1466; x_wconf 92' lang='lat' dir='ltr'>enim</span> <span class='ocrx_word' id='word_1_96' title='bbox 207 1409 267 1466; x_wconf 92' lang='lat' dir='ltr'>suis</span> <span class='ocrx_word' id='word_1_97' title='bbox 282 1409 366 1466; x_wconf 90' lang='lat' dir='ltr'>bonis</span> <span class='ocrx_word' id='word_1_98' title='bbox 381 1417 497 1484; x_wconf 85' lang='lat' dir='ltr'>oportet</span> <span class='ocrx_word' id='word_1_99' title='bbox 510 1417 541 1466; x_wconf 83' lang='lat' dir='ltr'>et</span> <span class='ocrx_word' id='word_1_100' title='bbox 551 1409 668 1480; x_wconf 88' lang='lat' dir='ltr'>fruatur,</span> <span class='ocrx_word' id='word_1_101' title='bbox 683 1411 734 1484; x_wconf 92' lang='lat' dir='ltr'>qui</span> <span class='ocrx_word' id='word_1_102' title='bbox 748 1410 850 1468; x_wconf 91' lang='lat' dir='ltr'>beatus</span> <span class='ocrx_word' id='word_1_103' title='bbox 866 1410 976 1468; x_wconf 83' lang='lat' dir='ltr'>futurus</span> <span class='ocrx_word' id='word_1_104' title='bbox 995 1421 1048 1468; x_wconf 92' lang='lat' dir='ltr'>est.</span> <span class='ocrx_word' id='word_1_105' title='bbox 1091 1413 1169 1470; x_wconf 93' lang='lat' dir='ltr'>Nam</span> 
     </span>
     <span class='ocr_line' id='line_1_13' title="bbox 109 1505 1169 1581; baseline 0.004 -17"><span class='ocrx_word' id='word_1_106' title='bbox 109 1506 195 1565; x_wconf 89' lang='lat' dir='ltr'>locus</span> <span class='ocrx_word' id='word_1_107' title='bbox 210 1505 333 1581; x_wconf 91' lang='lat' dir='ltr'>quidem</span> <span class='ocrx_word' id='word_1_108' title='bbox 355 1506 389 1564; x_wconf 90' lang='lat' dir='ltr'>iis</span> <span class='ocrx_word' id='word_1_109' title='bbox 411 1506 499 1564; x_wconf 90' lang='lat' dir='ltr'>etiam</span> <span class='ocrx_word' id='word_1_110' title='bbox 519 1507 638 1577; x_wconf 90' lang='lat' dir='ltr'>naturis,</span> <span class='ocrx_word' id='word_1_111' title='bbox 652 1525 728 1581; x_wconf 92' lang='lat' dir='ltr'>quae</span> <span class='ocrx_word' id='word_1_112' title='bbox 746 1509 807 1565; x_wconf 93' lang='lat' dir='ltr'>sine</span> <span class='ocrx_word' id='word_1_113' title='bbox 826 1508 930 1565; x_wconf 89' lang='lat' dir='ltr'>animis</span> <span class='ocrx_word' id='word_1_114' title='bbox 948 1518 1024 1579; x_wconf 90' lang='lat' dir='ltr'>sunt,</span> <span class='ocrx_word' id='word_1_115' title='bbox 1040 1527 1108 1567; x_wconf 91' lang='lat' dir='ltr'>suus</span> <span class='ocrx_word' id='word_1_116' title='bbox 1126 1523 1169 1568; x_wconf 91' lang='lat' dir='ltr'>est</span> 
     </span>
     <span class='ocr_line' id='line_1_14' title="bbox 110 1604 1167 1680; baseline 0.001 -17"><span class='ocrx_word' id='word_1_117' title='bbox 110 1607 220 1680; x_wconf 90' lang='lat' dir='ltr'>cuique</span> <span class='ocrx_word' id='word_1_118' title='bbox 248 1605 391 1680; x_wconf 91' lang='lat' dir='ltr'>proprius,</span> <span class='ocrx_word' id='word_1_119' title='bbox 412 1613 445 1661; x_wconf 95' lang='lat' dir='ltr'>ut</span> <span class='ocrx_word' id='word_1_120' title='bbox 465 1613 540 1662; x_wconf 91' lang='lat' dir='ltr'>terra</span> <span class='ocrx_word' id='word_1_121' title='bbox 560 1604 693 1661; x_wconf 90' lang='lat' dir='ltr'>infimum</span> <span class='ocrx_word' id='word_1_122' title='bbox 714 1615 821 1676; x_wconf 90' lang='lat' dir='ltr'>teneat,</span> <span class='ocrx_word' id='word_1_123' title='bbox 843 1605 919 1662; x_wconf 90' lang='lat' dir='ltr'>hanc</span> <span class='ocrx_word' id='word_1_124' title='bbox 940 1605 1062 1662; x_wconf 90' lang='lat' dir='ltr'>inundet</span> <span class='ocrx_word' id='word_1_125' title='bbox 1083 1624 1167 1680; x_wconf 88' lang='lat' dir='ltr'>aqua,</span> 
     </span>
     <span class='ocr_line' id='line_1_15' title="bbox 110 1701 1168 1779; baseline 0.001 -19"><span class='ocrx_word' id='word_1_126' title='bbox 110 1703 336 1779; x_wconf 64' lang='lat' dir='ltr'>superiorein,</span> <span class='ocrx_word' id='word_1_127' title='bbox 356 1702 490 1760; x_wconf 87' lang='lat' dir='ltr'>aetheriis</span> <span class='ocrx_word' id='word_1_128' title='bbox 511 1701 625 1777; x_wconf 84' lang='lat' dir='ltr'>ignibus</span> <span class='ocrx_word' id='word_1_129' title='bbox 646 1702 783 1759; x_wconf 87' lang='lat' dir='ltr'>altissima</span> <span class='ocrx_word' id='word_1_130' title='bbox 801 1721 852 1759; x_wconf 90' lang='lat' dir='ltr'>ora</span> <span class='ocrx_word' id='word_1_131' title='bbox 869 1701 1015 1760; x_wconf 89' lang='lat' dir='ltr'>reddatur.</span> <span class='ocrx_word' id='word_1_132' title='bbox 1058 1704 1168 1761; x_wconf 87' lang='lat' dir='ltr'>Bestia·</span> 
     </span>
     <span class='ocr_line' id='line_1_16' title="bbox 73 1799 1169 1874; baseline 0.006 -23"><span class='ocrx_word' id='word_1_133' title='bbox 73 1824 97 1862; x_wconf 75' lang='grc' dir='ltr'>ιε</span> <span class='ocrx_word' id='word_1_134' title='bbox 110 1802 177 1858; x_wconf 87' lang='lat' dir='ltr'>ruin</span> <span class='ocrx_word' id='word_1_135' title='bbox 199 1809 301 1858; x_wconf 91' lang='lat' dir='ltr'>autem</span> <span class='ocrx_word' id='word_1_136' title='bbox 324 1810 456 1857; x_wconf 87' lang='lat' dir='ltr'>terrenae</span> <span class='ocrx_word' id='word_1_137' title='bbox 481 1809 548 1857; x_wconf 90' lang='lat' dir='ltr'>sunt</span> <span class='ocrx_word' id='word_1_138' title='bbox 572 1799 654 1870; x_wconf 89' lang='lat' dir='ltr'>aliae,</span> <span class='ocrx_word' id='word_1_139' title='bbox 680 1800 784 1873; x_wconf 86' lang='lat' dir='ltr'>partim</span> <span class='ocrx_word' id='word_1_140' title='bbox 812 1799 960 1873; x_wconf 88' lang='lat' dir='ltr'>aquatiles,</span> <span class='ocrx_word' id='word_1_141' title='bbox 988 1800 1060 1856; x_wconf 88' lang='lat' dir='ltr'>aliae</span> <span class='ocrx_word' id='word_1_142' title='bbox 1086 1803 1169 1874; x_wconf 89' lang='lat' dir='ltr'>quasi</span> 
     </span>
     <span class='ocr_line' id='line_1_17' title="bbox 110 1895 1168 1973; baseline 0 -17"><span class='ocrx_word' id='word_1_143' title='bbox 110 1899 257 1973; x_wconf 85' lang='lat' dir='ltr'>ancipites</span> <span class='ocrx_word' id='word_1_144' title='bbox 275 1898 306 1956; x_wconf 93' lang='lat' dir='ltr'>in</span> <span class='ocrx_word' id='word_1_145' title='bbox 324 1909 447 1972; x_wconf 86' lang='lat' dir='ltr'>utraque</span> <span class='ocrx_word' id='word_1_146' title='bbox 465 1896 538 1955; x_wconf 91' lang='lat' dir='ltr'>sede</span> <span class='ocrx_word' id='word_1_147' title='bbox 554 1897 703 1967; x_wconf 88' lang='lat' dir='ltr'>viventes;</span> <span class='ocrx_word' id='word_1_148' title='bbox 724 1906 791 1953; x_wconf 91' lang='lat' dir='ltr'>sunt</span> <span class='ocrx_word' id='word_1_149' title='bbox 810 1895 955 1970; x_wconf 88' lang='lat' dir='ltr'>quaedam</span> <span class='ocrx_word' id='word_1_150' title='bbox 977 1897 1075 1966; x_wconf 89' lang='lat' dir='ltr'>etiam,</span> <span class='ocrx_word' id='word_1_151' title='bbox 1093 1915 1168 1971; x_wconf 89' lang='lat' dir='ltr'>quae</span> 
     </span>
     <span class='ocr_line' id='line_1_18' title="bbox 110 1993 1168 2071; baseline -0.001 -17"><span class='ocrx_word' id='word_1_152' title='bbox 110 1996 179 2071; x_wconf 91' lang='lat' dir='ltr'>igne</span> <span class='ocrx_word' id='word_1_153' title='bbox 194 1995 277 2054; x_wconf 86' lang='lat' dir='ltr'>nasci</span> <span class='ocrx_word' id='word_1_154' title='bbox 290 2005 430 2070; x_wconf 90' lang='lat' dir='ltr'>putentur</span> <span class='ocrx_word' id='word_1_155' title='bbox 442 2005 659 2070; x_wconf 89' lang='lat' dir='ltr'>appareantque</span> <span class='ocrx_word' id='word_1_156' title='bbox 674 1994 704 2051; x_wconf 92' lang='lat' dir='ltr'>in</span> <span class='ocrx_word' id='word_1_157' title='bbox 718 1993 886 2050; x_wconf 84' lang='lat' dir='ltr'>ardentibus</span> <span class='ocrx_word' id='word_1_158' title='bbox 900 1993 1065 2052; x_wconf 88' lang='lat' dir='ltr'>somacibus</span> <span class='ocrx_word' id='word_1_159' title='bbox 1080 2013 1168 2069; x_wconf 89' lang='lat' dir='ltr'>saepe</span> 
     </span>
     <span class='ocr_line' id='line_1_19' title="bbox 109 2091 1212 2167; baseline 0.001 -17"><span class='ocrx_word' id='word_1_160' title='bbox 109 2094 277 2151; x_wconf 80' lang='lat' dir='ltr'>volitantes</span> <span class='ocrx_word' id='word_1_161' title='bbox 327 2093 446 2166; x_wconf 89' lang='lat' dir='ltr'>Quaero</span> <span class='ocrx_word' id='word_1_162' title='bbox 473 2092 566 2167; x_wconf 90' lang='lat' dir='ltr'>igitur,</span> <span class='ocrx_word' id='word_1_163' title='bbox 594 2100 689 2150; x_wconf 90' lang='lat' dir='ltr'>vester</span> <span class='ocrx_word' id='word_1_164' title='bbox 715 2091 788 2148; x_wconf 92' lang='lat' dir='ltr'>deus</span> <span class='ocrx_word' id='word_1_165' title='bbox 817 2091 942 2165; x_wconf 87' lang='lat' dir='ltr'>primum</span> <span class='ocrx_word' id='word_1_166' title='bbox 970 2091 1020 2148; x_wconf 91' lang='lat' dir='ltr'>ubi</span> <span class='ocrx_word' id='word_1_167' title='bbox 1048 2091 1167 2164; x_wconf 93' lang='lat' dir='ltr'>habitet,</span> <span class='ocrx_word' id='word_1_168' title='bbox 1176 2101 1212 2142; x_wconf 76' lang='lat'>1⁰⁴</span> 
     </span>
     <span class='ocr_line' id='line_1_20' title="bbox 111 2175 1168 2264; baseline 0 -17"><span class='ocrx_word' id='word_1_169' title='bbox 111 2189 223 2247; x_wconf 89' lang='lat' dir='ltr'>deinde</span> <span class='ocrx_word' id='word_1_170' title='bbox 258 2207 334 2264; x_wconf 88' lang='lat' dir='ltr'>quae</span> <span class='ocrx_word' id='word_1_171' title='bbox 369 2207 458 2248; x_wconf 90' lang='lat' dir='ltr'>causa</span> <span class='ocrx_word' id='word_1_172' title='bbox 492 2208 560 2247; x_wconf 93' lang='lat' dir='ltr'>eum</span> <span class='ocrx_word' id='word_1_173' title='bbox 594 2189 661 2246; x_wconf 93' lang='lat' dir='ltr'>loco</span> <span class='ocrx_word' id='word_1_174' title='bbox 695 2197 820 2257; x_wconf 88' lang='lat' dir='ltr'>moveat,</span> <span class='ocrx_word' id='word_1_175' title='bbox 852 2187 877 2244; x_wconf 93' lang='lat' dir='ltr'>si</span> <span class='ocrx_word' id='word_1_176' title='bbox 911 2175 1016 2244; x_wconf 78' lang='lat' dir='ltr'>modo&#39;</span> <span class='ocrx_word' id='word_1_177' title='bbox 1036 2200 1168 2247; x_wconf 90' lang='lat' dir='ltr'>movetur</span> 
     </span>
     <span class='ocr_line' id='line_1_21' title="bbox 74 2284 1167 2361; baseline 0 -17"><span class='ocrx_word' id='word_1_178' title='bbox 74 2308 99 2336; x_wconf 73' lang='grc' dir='ltr'><strong>ω</strong></span> <span class='ocrx_word' id='word_1_179' title='bbox 111 2285 281 2360; x_wconf 83' lang='lat' dir='ltr'>aliquande,</span> <span class='ocrx_word' id='word_1_180' title='bbox 298 2304 395 2361; x_wconf 90' lang='lat' dir='ltr'>porro,</span> <span class='ocrx_word' id='word_1_181' title='bbox 412 2305 481 2344; x_wconf 91' lang='lat' dir='ltr'>cum</span> <span class='ocrx_word' id='word_1_182' title='bbox 498 2286 556 2344; x_wconf 91' lang='lat' dir='ltr'>hoc</span> <span class='ocrx_word' id='word_1_183' title='bbox 572 2286 722 2361; x_wconf 88' lang='lat' dir='ltr'>proprium</span> <span class='ocrx_word' id='word_1_184' title='bbox 739 2285 775 2341; x_wconf 91' lang='lat' dir='ltr'>sit</span> <span class='ocrx_word' id='word_1_185' title='bbox 791 2284 990 2355; x_wconf 92' lang='lat' dir='ltr'>animantium,</span> <span class='ocrx_word' id='word_1_186' title='bbox 1008 2296 1040 2343; x_wconf 92' lang='lat' dir='ltr'>ut</span> <span class='ocrx_word' id='word_1_187' title='bbox 1059 2287 1167 2360; x_wconf 90' lang='lat' dir='ltr'>aliquid</span> 
     </span>
     <span class='ocr_line' id='line_1_22' title="bbox 110 2380 1165 2458; baseline 0 -18"><span class='ocrx_word' id='word_1_188' title='bbox 110 2382 264 2458; x_wconf 87' lang='lat' dir='ltr'>adpetant,</span> <span class='ocrx_word' id='word_1_189' title='bbox 279 2383 361 2458; x_wconf 90' lang='lat' dir='ltr'>quod</span> <span class='ocrx_word' id='word_1_190' title='bbox 375 2383 411 2441; x_wconf 91' lang='lat' dir='ltr'>sit</span> <span class='ocrx_word' id='word_1_191' title='bbox 425 2394 543 2440; x_wconf 91' lang='lat' dir='ltr'>naturae</span> <span class='ocrx_word' id='word_1_192' title='bbox 559 2381 828 2449; x_wconf 91' lang='lat' dir='ltr'>accommodatum,</span> <span class='ocrx_word' id='word_1_193' title='bbox 851 2380 925 2438; x_wconf 92' lang='lat' dir='ltr'>deus</span> <span class='ocrx_word' id='word_1_194' title='bbox 946 2382 1017 2455; x_wconf 93' lang='lat' dir='ltr'>quid</span> <span class='ocrx_word' id='word_1_195' title='bbox 1038 2394 1165 2456; x_wconf 91' lang='lat' dir='ltr'>appetat,</span> 
     </span>
     <span class='ocr_line' id='line_1_23' title="bbox 110 2478 1166 2554; baseline 0 -16"><span class='ocrx_word' id='word_1_196' title='bbox 110 2478 150 2538; x_wconf 91' lang='lat' dir='ltr'>ad</span> <span class='ocrx_word' id='word_1_197' title='bbox 170 2498 262 2554; x_wconf 92' lang='lat' dir='ltr'>quam</span> <span class='ocrx_word' id='word_1_198' title='bbox 283 2478 410 2554; x_wconf 92' lang='lat' dir='ltr'>denique</span> <span class='ocrx_word' id='word_1_199' title='bbox 429 2497 491 2537; x_wconf 91' lang='lat' dir='ltr'>rem</span> <span class='ocrx_word' id='word_1_200' title='bbox 506 2490 588 2537; x_wconf 91' lang='lat' dir='ltr'>motu</span> <span class='ocrx_word' id='word_1_201' title='bbox 603 2480 708 2536; x_wconf 92' lang='lat' dir='ltr'>mentis</span> <span class='ocrx_word' id='word_1_202' title='bbox 723 2497 759 2535; x_wconf 91' lang='lat' dir='ltr'>ac</span> <span class='ocrx_word' id='word_1_203' title='bbox 773 2479 883 2535; x_wconf 89' lang='lat' dir='ltr'>ratione</span> <span class='ocrx_word' id='word_1_204' title='bbox 899 2487 1002 2548; x_wconf 90' lang='lat' dir='ltr'>utatur,</span> <span class='ocrx_word' id='word_1_205' title='bbox 1017 2491 1166 2554; x_wconf 90' lang='lat' dir='ltr'>postremo</span> 
     </span>
     <span class='ocr_line' id='line_1_24' title="bbox 110 2575 1167 2652; baseline 0 -17"><span class='ocrx_word' id='word_1_206' title='bbox 110 2594 172 2652; x_wconf 93' lang='lat' dir='ltr'>quo</span> <span class='ocrx_word' id='word_1_207' title='bbox 197 2576 290 2635; x_wconf 93' lang='lat' dir='ltr'>modo</span> <span class='ocrx_word' id='word_1_208' title='bbox 314 2578 416 2635; x_wconf 90' lang='lat' dir='ltr'>beatus</span> <span class='ocrx_word' id='word_1_209' title='bbox 441 2577 485 2646; x_wconf 92' lang='lat' dir='ltr'>sit,</span> <span class='ocrx_word' id='word_1_210' title='bbox 511 2595 570 2651; x_wconf 93' lang='lat' dir='ltr'>quo</span> <span class='ocrx_word' id='word_1_211' title='bbox 600 2577 691 2635; x_wconf 91' lang='lat' dir='ltr'>modo</span> <span class='ocrx_word' id='word_1_212' title='bbox 717 2585 860 2633; x_wconf 89' lang='lat' dir='ltr'>aeternus.</span> <span class='ocrx_word' id='word_1_213' title='bbox 914 2575 1062 2648; x_wconf 89' lang='lat' dir='ltr'>Quicquid</span> <span class='ocrx_word' id='word_1_214' title='bbox 1087 2578 1167 2635; x_wconf 91' lang='lat' dir='ltr'>enim</span> 
     </span>
     <span class='ocr_line' id='line_1_25' title="bbox 110 2672 1166 2748; baseline 0 -16"><span class='ocrx_word' id='word_1_215' title='bbox 110 2673 218 2732; x_wconf 89' lang='lat' dir='ltr'>horum</span> <span class='ocrx_word' id='word_1_216' title='bbox 246 2673 382 2748; x_wconf 79' lang='lat' dir='ltr'>attigeriS,</span> <span class='ocrx_word' id='word_1_217' title='bbox 410 2674 492 2732; x_wconf 88' lang='lat' dir='ltr'>ulcus</span> <span class='ocrx_word' id='word_1_218' title='bbox 520 2684 572 2732; x_wconf 92' lang='lat' dir='ltr'>est.</span> <span class='ocrx_word' id='word_1_219' title='bbox 624 2675 670 2731; x_wconf 92' lang='lat' dir='ltr'>Ita</span> <span class='ocrx_word' id='word_1_220' title='bbox 697 2673 772 2731; x_wconf 91' lang='lat' dir='ltr'>male</span> <span class='ocrx_word' id='word_1_221' title='bbox 800 2672 931 2729; x_wconf 89' lang='lat' dir='ltr'>instituta</span> <span class='ocrx_word' id='word_1_222' title='bbox 956 2673 1029 2730; x_wconf 89' lang='lat' dir='ltr'>ratio</span> <span class='ocrx_word' id='word_1_223' title='bbox 1057 2675 1166 2732; x_wconf 86' lang='lat' dir='ltr'>exitum</span> 
     </span>
     <span class='ocr_line' id='line_1_26' title="bbox 72 2769 1209 2846; baseline 0.002 -19"><span class='ocrx_word' id='word_1_224' title='bbox 72 2795 97 2836; x_wconf 70' lang='grc' dir='ltr'>ις</span> <span class='ocrx_word' id='word_1_225' title='bbox 109 2771 237 2846; x_wconf 87' lang='lat' dir='ltr'>reperire</span> <span class='ocrx_word' id='word_1_226' title='bbox 262 2789 322 2828; x_wconf 92' lang='lat' dir='ltr'>non</span> <span class='ocrx_word' id='word_1_227' title='bbox 346 2780 452 2845; x_wconf 92' lang='lat' dir='ltr'>potest.</span> <span class='ocrx_word' id='word_1_228' title='bbox 494 2771 541 2830; x_wconf 90' lang='lat' dir='ltr'>Sic</span> <span class='ocrx_word' id='word_1_229' title='bbox 565 2772 643 2829; x_wconf 90' lang='lat' dir='ltr'>enim</span> <span class='ocrx_word' id='word_1_230' title='bbox 672 2771 802 2841; x_wconf 90' lang='lat' dir='ltr'>dicebas,</span> <span class='ocrx_word' id='word_1_231' title='bbox 828 2769 956 2844; x_wconf 91' lang='lat' dir='ltr'>speciem</span> <span class='ocrx_word' id='word_1_232' title='bbox 981 2770 1030 2827; x_wconf 93' lang='lat' dir='ltr'>dei</span> <span class='ocrx_word' id='word_1_233' title='bbox 1054 2773 1209 2846; x_wconf 65' lang='lat' dir='ltr'>percipio</span> 
     </span>
     <span class='ocr_line' id='line_1_27' title="bbox 109 2867 1165 2944; baseline -0.001 -17"><span class='ocrx_word' id='word_1_234' title='bbox 109 2869 298 2944; x_wconf 85' lang='lat' dir='ltr'>cogitatione,</span> <span class='ocrx_word' id='word_1_235' title='bbox 313 2886 375 2926; x_wconf 91' lang='lat' dir='ltr'>non</span> <span class='ocrx_word' id='word_1_236' title='bbox 389 2887 485 2940; x_wconf 90' lang='lat' dir='ltr'>sensu,</span> <span class='ocrx_word' id='word_1_237' title='bbox 500 2888 557 2927; x_wconf 92' lang='lat' dir='ltr'>nec</span> <span class='ocrx_word' id='word_1_238' title='bbox 572 2887 635 2927; x_wconf 92' lang='lat' dir='ltr'>esse</span> <span class='ocrx_word' id='word_1_239' title='bbox 650 2870 681 2927; x_wconf 91' lang='lat' dir='ltr'>in</span> <span class='ocrx_word' id='word_1_240' title='bbox 696 2887 731 2925; x_wconf 88' lang='lat' dir='ltr'>ea</span> <span class='ocrx_word' id='word_1_241' title='bbox 753 2868 840 2925; x_wconf 86' lang='lat' dir='ltr'>ullam</span> <span class='ocrx_word' id='word_1_242' title='bbox 862 2867 1047 2937; x_wconf 90' lang='lat' dir='ltr'>soliditatem,</span> <span class='ocrx_word' id='word_1_243' title='bbox 1069 2887 1165 2943; x_wconf 91' lang='lat' dir='ltr'>neque</span> 
     </span>
     <span class='ocr_line' id='line_1_28' title="bbox 109 2965 1165 3041; baseline 0 -17"><span class='ocrx_word' id='word_1_244' title='bbox 109 2965 239 3025; x_wconf 91' lang='lat' dir='ltr'>eandem</span> <span class='ocrx_word' id='word_1_245' title='bbox 254 2965 292 3023; x_wconf 95' lang='lat' dir='ltr'>ad</span> <span class='ocrx_word' id='word_1_246' title='bbox 307 2984 459 3024; x_wconf 91' lang='lat' dir='ltr'>numerum</span> <span class='ocrx_word' id='word_1_247' title='bbox 474 2985 653 3041; x_wconf 90' lang='lat' dir='ltr'>permanere,</span> <span class='ocrx_word' id='word_1_248' title='bbox 669 2983 794 3039; x_wconf 91' lang='lat' dir='ltr'>eamque</span> <span class='ocrx_word' id='word_1_249' title='bbox 810 2984 873 3023; x_wconf 90' lang='lat' dir='ltr'>esse</span> <span class='ocrx_word' id='word_1_250' title='bbox 890 2966 952 3023; x_wconf 90' lang='lat' dir='ltr'>eius</span> <span class='ocrx_word' id='word_1_251' title='bbox 968 2965 1118 3036; x_wconf 88' lang='lat' dir='ltr'>visionem,</span> <span class='ocrx_word' id='word_1_252' title='bbox 1134 2977 1165 3024; x_wconf 92' lang='lat' dir='ltr'>ut</span> 
     </span>
     <span class='ocr_line' id='line_1_29' title="bbox 109 3063 1165 3136; baseline -0.001 -15"><span class='ocrx_word' id='word_1_253' title='bbox 109 3063 298 3122; x_wconf 90' lang='lat' dir='ltr'>similitudine</span> <span class='ocrx_word' id='word_1_254' title='bbox 318 3073 348 3121; x_wconf 92' lang='lat' dir='ltr'>et</span> <span class='ocrx_word' id='word_1_255' title='bbox 365 3064 533 3121; x_wconf 91' lang='lat' dir='ltr'>transitione</span> <span class='ocrx_word' id='word_1_256' title='bbox 553 3073 694 3133; x_wconf 86' lang='lat' dir='ltr'>cematur‚</span> <span class='ocrx_word' id='word_1_257' title='bbox 714 3081 811 3135; x_wconf 91' lang='lat' dir='ltr'>neque</span> <span class='ocrx_word' id='word_1_258' title='bbox 831 3063 949 3121; x_wconf 85' lang='lat' dir='ltr'>deficiat</span> <span class='ocrx_word' id='word_1_259' title='bbox 968 3080 1107 3136; x_wconf 91' lang='lat' dir='ltr'>umquam</span> <span class='ocrx_word' id='word_1_260' title='bbox 1128 3082 1165 3120; x_wconf 88' lang='lat' dir='ltr'>ex</span> 
     </span>
     <span class='ocr_line' id='line_1_30' title="bbox 108 3160 1164 3235; baseline -0.004 -15"><span class='ocrx_word' id='word_1_261' title='bbox 108 3161 228 3220; x_wconf 90' lang='lat' dir='ltr'>infinitis</span> <span class='ocrx_word' id='word_1_262' title='bbox 243 3161 412 3235; x_wconf 90' lang='lat' dir='ltr'>corporibus</span> <span class='ocrx_word' id='word_1_263' title='bbox 430 3161 566 3218; x_wconf 88' lang='lat' dir='ltr'>similium</span> <span class='ocrx_word' id='word_1_264' title='bbox 583 3160 723 3229; x_wconf 90' lang='lat' dir='ltr'>accessio,</span> <span class='ocrx_word' id='word_1_265' title='bbox 739 3177 776 3215; x_wconf 87' lang='lat' dir='ltr'>ex</span> <span class='ocrx_word' id='word_1_266' title='bbox 793 3177 888 3234; x_wconf 92' lang='lat' dir='ltr'>eoque</span> <span class='ocrx_word' id='word_1_267' title='bbox 906 3161 977 3231; x_wconf 90' lang='lat' dir='ltr'>fieri,</span> <span class='ocrx_word' id='word_1_268' title='bbox 995 3160 1074 3218; x_wconf 89' lang='lat' dir='ltr'>utin</span> <span class='ocrx_word' id='word_1_269' title='bbox 1091 3160 1164 3217; x_wconf 90' lang='lat' dir='ltr'>haec</span> 
     </span>
     <span class='ocr_line' id='line_1_31' title="bbox 70 3257 1162 3331; baseline -0.004 -14"><span class='ocrx_word' id='word_1_270' title='bbox 70 3279 97 3318; x_wconf 75' lang='lat' dir='ltr'>ao</span> <span class='ocrx_word' id='word_1_271' title='bbox 108 3259 222 3316; x_wconf 87' lang='lat' dir='ltr'>intenta</span> <span class='ocrx_word' id='word_1_272' title='bbox 236 3275 319 3314; x_wconf 91' lang='lat' dir='ltr'>mens</span> <span class='ocrx_word' id='word_1_273' title='bbox 333 3266 431 3314; x_wconf 90' lang='lat' dir='ltr'>nostra</span> <span class='ocrx_word' id='word_1_274' title='bbox 445 3257 559 3314; x_wconf 89' lang='lat' dir='ltr'>beatam</span> <span class='ocrx_word' id='word_1_275' title='bbox 574 3257 651 3313; x_wconf 91' lang='lat' dir='ltr'>illam</span> <span class='ocrx_word' id='word_1_276' title='bbox 665 3265 797 3313; x_wconf 86' lang='lat' dir='ltr'>naturam</span> <span class='ocrx_word' id='word_1_277' title='bbox 811 3267 841 3313; x_wconf 92' lang='lat' dir='ltr'>et</span> <span class='ocrx_word' id='word_1_278' title='bbox 854 3259 1061 3331; x_wconf 90' lang='lat' dir='ltr'>sempiternam</span> <span class='ocrx_word' id='word_1_279' title='bbox 1071 3266 1162 3331; x_wconf 92' lang='lat' dir='ltr'>putet.</span> 
     </span>
     <span class='ocr_line' id='line_1_32' title="bbox 110 3351 1206 3429; baseline -0.003 -17"><span class='ocrx_word' id='word_1_280' title='bbox 110 3356 191 3424; x_wconf 89' lang='lat' dir='ltr'>Hoc,</span> <span class='ocrx_word' id='word_1_281' title='bbox 213 3371 266 3429; x_wconf 88' lang='lat' dir='ltr'>per</span> <span class='ocrx_word' id='word_1_282' title='bbox 285 3354 364 3427; x_wconf 91' lang='lat' dir='ltr'>ipsos</span> <span class='ocrx_word' id='word_1_283' title='bbox 386 3351 467 3422; x_wconf 79' lang='lat' dir='ltr'>de05,</span> <span class='ocrx_word' id='word_1_284' title='bbox 490 3353 527 3410; x_wconf 92' lang='lat' dir='ltr'>de</span> <span class='ocrx_word' id='word_1_285' title='bbox 549 3353 654 3426; x_wconf 90' lang='lat' dir='ltr'>quibus</span> <span class='ocrx_word' id='word_1_286' title='bbox 676 3351 829 3425; x_wconf 91' lang='lat' dir='ltr'>loquimur,</span> <span class='ocrx_word' id='word_1_287' title='bbox 851 3354 936 3427; x_wconf 90' lang='lat' dir='ltr'>quale</span> <span class='ocrx_word' id='word_1_288' title='bbox 956 3353 1076 3411; x_wconf 92' lang='lat' dir='ltr'>tandem</span> <span class='ocrx_word' id='word_1_289' title='bbox 1098 3354 1206 3416; x_wconf 64' lang='lat' dir='ltr'>estias</span> 
     </span>
     <span class='ocr_line' id='line_1_33' title="bbox 109 3447 1162 3522; baseline -0.004 -13"><span class='ocrx_word' id='word_1_290' title='bbox 109 3452 188 3509; x_wconf 92' lang='lat' dir='ltr'>Nam</span> <span class='ocrx_word' id='word_1_291' title='bbox 204 3450 227 3507; x_wconf 92' lang='lat' dir='ltr'>si</span> <span class='ocrx_word' id='word_1_292' title='bbox 243 3459 356 3506; x_wconf 91' lang='lat' dir='ltr'>tantum</span> <span class='ocrx_word' id='word_1_293' title='bbox 371 3447 462 3505; x_wconf 93' lang='lat' dir='ltr'>modo</span> <span class='ocrx_word' id='word_1_294' title='bbox 477 3448 515 3504; x_wconf 92' lang='lat' dir='ltr'>ad</span> <span class='ocrx_word' id='word_1_295' title='bbox 530 3449 739 3522; x_wconf 88' lang='lat' dir='ltr'>cogitationem</span> <span class='ocrx_word' id='word_1_296' title='bbox 752 3448 849 3506; x_wconf 93' lang='lat' dir='ltr'>valent</span> <span class='ocrx_word' id='word_1_297' title='bbox 866 3467 922 3506; x_wconf 92' lang='lat' dir='ltr'>nec</span> <span class='ocrx_word' id='word_1_298' title='bbox 944 3449 1053 3507; x_wconf 90' lang='lat' dir='ltr'>habent</span> <span class='ocrx_word' id='word_1_299' title='bbox 1075 3450 1162 3507; x_wconf 89' lang='lat' dir='ltr'>ullam</span> 
     </span>
     <span class='ocr_line' id='line_1_34' title="bbox 108 3542 1160 3623; baseline -0.004 -17"><span class='ocrx_word' id='word_1_300' title='bbox 108 3546 287 3606; x_wconf 91' lang='lat' dir='ltr'>soliditatem</span> <span class='ocrx_word' id='word_1_301' title='bbox 315 3562 376 3623; x_wconf 64' lang='lat' dir='ltr'>nec⁴</span> <span class='ocrx_word' id='word_1_302' title='bbox 400 3545 597 3613; x_wconf 91' lang='lat' dir='ltr'>eminentiam,</span> <span class='ocrx_word' id='word_1_303' title='bbox 627 3542 698 3616; x_wconf 93' lang='lat' dir='ltr'>quid</span> <span class='ocrx_word' id='word_1_304' title='bbox 730 3542 857 3613; x_wconf 89' lang='lat' dir='ltr'>interest,</span> <span class='ocrx_word' id='word_1_305' title='bbox 888 3553 985 3603; x_wconf 90' lang='lat' dir='ltr'>utrum</span> <span class='ocrx_word' id='word_1_306' title='bbox 1015 3545 1053 3604; x_wconf 93' lang='lat' dir='ltr'>de</span> <span class='ocrx_word' id='word_1_307' title='bbox 1084 3547 1160 3619; x_wconf 91' lang='lat' dir='ltr'>Hip-</span> 
     </span>
     <span class='ocr_line' id='line_1_35' title="bbox 106 3639 1160 3719; baseline 0 -20"><span class='ocrx_word' id='word_1_308' title='bbox 106 3652 290 3719; x_wconf 88' lang='lat' dir='ltr'>pocentauro</span> <span class='ocrx_word' id='word_1_309' title='bbox 304 3659 343 3697; x_wconf 90' lang='lat' dir='ltr'>an</span> <span class='ocrx_word' id='word_1_310' title='bbox 357 3639 395 3697; x_wconf 94' lang='lat' dir='ltr'>de</span> <span class='ocrx_word' id='word_1_311' title='bbox 411 3640 468 3697; x_wconf 93' lang='lat' dir='ltr'>deo</span> <span class='ocrx_word' id='word_1_312' title='bbox 489 3641 671 3714; x_wconf 86' lang='lat' dir='ltr'>cogitemus?</span> <span class='ocrx_word' id='word_1_313' title='bbox 691 3654 811 3694; x_wconf 89' lang='lat' dir='ltr'>omnem</span> <span class='ocrx_word' id='word_1_314' title='bbox 834 3639 911 3695; x_wconf 90' lang='lat' dir='ltr'>enim</span> <span class='ocrx_word' id='word_1_315' title='bbox 936 3641 1023 3698; x_wconf 89' lang='lat' dir='ltr'>talem</span> <span class='ocrx_word' id='word_1_316' title='bbox 1046 3642 1160 3699; x_wconf 80' lang='lat' dir='ltr'>consor-</span> 
     </span>
     <span class='ocr_line' id='line_1_36' title="bbox 69 3734 1160 3811; baseline -0.004 -12"><span class='ocrx_word' id='word_1_317' title='bbox 69 3739 271 3807; x_wconf 67' lang='lat' dir='ltr'>asmationem</span> <span class='ocrx_word' id='word_1_318' title='bbox 294 3737 385 3795; x_wconf 90' lang='lat' dir='ltr'>animi</span> <span class='ocrx_word' id='word_1_319' title='bbox 411 3736 501 3794; x_wconf 89' lang='lat' dir='ltr'>ceteri</span> <span class='ocrx_word' id='word_1_320' title='bbox 526 3734 694 3811; x_wconf 89' lang='lat' dir='ltr'>philosophi</span> <span class='ocrx_word' id='word_1_321' title='bbox 714 3741 827 3790; x_wconf 91' lang='lat' dir='ltr'>motum</span> <span class='ocrx_word' id='word_1_322' title='bbox 843 3735 960 3791; x_wconf 89' lang='lat' dir='ltr'>inanem</span> <span class='ocrx_word' id='word_1_323' title='bbox 979 3747 1094 3808; x_wconf 90' lang='lat' dir='ltr'>vocant,</span> <span class='ocrx_word' id='word_1_324' title='bbox 1108 3755 1160 3794; x_wconf 93' lang='lat' dir='ltr'>vos</span> 
     </span>
    </p>
   </div>
   <div class='ocr_carea' id='block_1_3' title="bbox 0 0 1256 4170">
    <p class='ocr_par' dir='ltr' id='par_1_3' title="bbox 0 0 1256 4170">
     <span class='ocr_line' id='line_1_37' title="bbox 0 0 1256 4170; baseline 0 5"><span class='ocrx_word' id='word_1_325' title='bbox 0 0 1256 4170; x_wconf 95' lang='lat' dir='ltr'> </span> 
     </span>
    </p>
   </div>
  </div>
 </body>
</html>
