2504 4170
144 245 188 308 40
473 244 522 294 oa
543 244 689 294 ulrum
711 243 870 294 osorton.

146 417 268 473 corpore
290 398 314 456 si
334 399 456 457 minima
470 417 506 456 ex
527 408 607 473 parte
623 398 664 455 sic
679 398 828 469 afficiatur,
843 398 1001 456 molestum
1016 400 1064 471 sit,
1080 418 1134 458 cur
1146 398 1204 459 hoc.

146 497 225 554 idem
248 514 309 553 non
330 496 470 553 habeatur
490 497 644 553 molestum
668 495 696 551 in
717 494 797 552 deo?
837 496 928 551 Terra
952 497 1034 562 enim
1061 498 1197 572 profectu,

146 594 284 668 quoniam
310 593 411 649 mundi
436 611 502 666 pars
527 603 578 660 est,
601 610 666 665 pars
691 601 734 648 est
760 593 849 648 etiarn
870 592 928 649 dei.
985 593 1078 666 Atqui
1112 604 1197 652 terrae

147 709 297 748 maxumas
318 691 451 765 regiones
474 689 666 745 inhabitabilis
691 700 779 762 atque
807 689 930 746 incultas
951 689 1101 762 videmus,
1125 690 1198 766 quod

146 806 212 863 pars
227 806 326 845 earum
342 787 464 862 adpulsu
487 786 555 843 solis
577 786 722 856 exarserit,
737 803 803 860 pars
824 786 982 860 obriguerit
1003 787 1072 844 nive
1087 789 1197 862 pruina·

122 907 127 916 ·
147 903 204 960 que
219 886 379 960 longinquo
399 885 466 942 solis
488 884 625 940 abscessu
636 903 645 953 3
668 900 752 956 quae,
768 883 791 939 si
813 882 940 940 mundus
962 893 1008 940 est
1030 883 1117 956 deus,
1132 903 1198 960 quo-

147 983 225 1040 niam
245 982 346 1040 mundi
370 993 465 1057 partes
488 991 563 1051 sunt,
580 980 628 1037 dei
651 980 783 1037 membra
807 981 912 1054 partim
938 979 1083 1053 ardentia,
1098 983 1200 1057 partim

147 1080 310 1154 refrigerata
324 1079 452 1137 dicenda
466 1088 541 1137 sunt.

110 1182 135 1223 2⁶
187 1179 282 1250 Atque
297 1176 370 1234 haec
384 1176 504 1250 quidem
518 1185 620 1246 vestra,
634 1174 735 1232 Lucili.
771 1175 877 1248 Qualia
888 1192 959 1231 vero
972 1184 1076 1232 vetera
1089 1176 1157 1247 sint,
1169 1177 1202 1234 ab

148 1274 248 1330 ultimo
269 1283 400 1348 repetam
421 1273 611 1347 superiorum.
652 1273 760 1329 Thales
775 1273 854 1329 enirn
869 1272 1011 1342 Milesius,
1027 1273 1079 1346 qui
1095 1275 1202 1348 primus

149 1369 186 1428 de
211 1370 316 1428 talibus
340 1372 425 1428 rebus
450 1371 600 1444 quaesivit,
626 1388 734 1444 aquam
758 1369 832 1426 dixit
859 1387 922 1426 esse
952 1369 1069 1427 initium
1097 1389 1203 1442 rerum,

148 1467 237 1524 deum
259 1478 355 1524 autem
378 1485 444 1524 eanr
464 1478 603 1536 mentem,
620 1485 695 1541 quae
717 1485 754 1524 ex
775 1485 851 1541 aqua
870 1475 977 1523 cuncta
996 1466 1134 1542 fingeret.
1177 1468 1203 1527 Si

148 1563 179 1622 di
196 1575 317 1638 possunt
338 1581 401 1621 esse
422 1565 484 1621 sine
506 1583 593 1621 sensu
615 1575 645 1621 et
666 1575 773 1634 mente,
789 1582 841 1620 cur
855 1581 947 1638 aquae
963 1574 1099 1636 mentem,
1117 1567 1205 1624 menti

148 1671 245 1718 autem
263 1680 318 1718 cur
333 1681 443 1736 aquam
462 1661 602 1733 adiunxit,
618 1661 642 1718 si
657 1661 720 1735 ipsa
735 1679 818 1718 mens
832 1671 967 1718 constare
982 1671 1083 1734 potest
1098 1681 1204 1721 vacans

148 1759 292 1833 corpore?
332 1757 540 1815 Anaximandri
569 1769 667 1815 autem
696 1759 797 1832 opinio
825 1769 869 1815 est
896 1757 1010 1815 nativos
1040 1777 1107 1817 esse
1133 1759 1213 1823 deos,

148 1854 241 1930 longis
266 1856 418 1912 intervallis
443 1855 561 1912 orientis
588 1855 820 1929 occidentisque,
842 1873 953 1929 eosque
981 1854 1203 1916 innumerabilis

62 1990 66 1995 ·
148 1971 212 2011 esse
226 1952 362 2010 mundos.
405 1952 462 2011 Sed
482 1971 535 2009 nos
551 1952 641 2009 deum
660 1953 715 2009 nisi
735 1953 943 2027 sempiternum
964 1951 1139 2028 intellegere
1157 1955 1204 2029 qui

109 2079 136 2120 20
148 2052 323 2126 possumus?
365 2053 433 2107 Post
451 2051 646 2107 Anaximenes
664 2050 731 2107 aera
745 2050 835 2107 deum
852 2050 959 2119 statuit,
975 2067 1107 2125 eumque
1126 2052 1204 2127 gigni

148 2166 270 2223 esseque
288 2149 453 2206 inmensum
473 2158 503 2203 et
523 2147 667 2204 infinitum
686 2156 716 2203 et
734 2164 850 2221 semper
874 2147 904 2203 in
924 2156 1025 2218 motu,
1049 2149 1136 2221 quasi
1156 2158 1204 2207 aut

147 2246 197 2303 aer
215 2247 276 2304 sine
297 2246 355 2304 ulla
372 2247 465 2303 forma
480 2243 553 2301 deus
570 2262 634 2301 esse
652 2244 752 2318 possit,
768 2262 836 2300 curn
851 2243 1020 2318 praesertim
1035 2242 1130 2303 deum
1146 2265 1204 2304 non

147 2343 239 2401 modo
267 2344 371 2418 aliqua,
397 2340 451 2400 sed
479 2341 673 2414 pulcherrima
700 2341 800 2414 specie
829 2340 934 2397 deceat
962 2357 1036 2409 esse,
1062 2353 1116 2401 aut
1146 2362 1204 2401 non

104 2443 245 2512 llomne,
267 2439 349 2516 quod
372 2450 469 2498 ortum
494 2438 538 2508 sit,
561 2438 718 2495 mortalitas
740 2447 944 2512 consequatur.
988 2435 1063 2494 Inde
1087 2441 1204 2498 Anaxa·

149 2556 240 2611 goras,
261 2537 311 2612 qui
332 2537 448 2612 accepit
468 2535 505 2593 ab
523 2537 703 2592 Anaximene
721 2532 915 2609 disciplinam,
936 2533 1047 2609 primus
1068 2538 1204 2596 omnium

148 2653 243 2692 rerum
262 2633 482 2708 discriptionem
507 2642 535 2689 et
560 2631 682 2689 modurn
704 2633 810 2688 mentis
831 2632 961 2688 infinitae
982 2630 1010 2687 vi
1031 2649 1068 2688 ac
1089 2634 1204 2692 ratione

149 2731 299 2806 dissignari
323 2740 353 2787 et
377 2728 485 2786 confici
508 2729 617 2800 voluit,
643 2728 672 2785 in
697 2746 757 2802 quo
781 2746 842 2785 non
866 2727 939 2786 vidit
963 2746 1061 2802 neque
1088 2741 1229 2790 motums

149 2828 246 2886 sensui
270 2828 402 2884 iunctum
428 2835 457 2883 et
482 2826 683 2882 continentem
708 2824 739 2882 in
762 2825 876 2883 infinito
900 2825 991 2883 ullum
1020 2843 1085 2883 esse
1116 2845 1204 2903 posse

16 2876 117 2999 χχ
148 2943 244 3000 neque
274 2943 393 2982 sensum
420 2923 551 2993 omnin0,
578 2941 637 2996 quo
661 2941 722 2980 non
747 2922 810 2997 ipsa
834 2933 937 2979 natura
961 2922 1044 2996 pulsa
1072 2926 1204 2984 sentiret.

115 3008 266 3097 XDeinde
288 3021 312 3079 si
333 3031 463 3078 mentem
482 3020 567 3077 istam
583 3020 666 3094 quasi
685 3019 793 3076 animal
811 3019 931 3094 aliquod
947 3019 1036 3076 voluit
1056 3038 1133 3092 esse,
1152 3022 1205 3080 erit

148 3119 257 3194 aliquid
282 3119 408 3188 interius,
431 3136 469 3174 ex
489 3135 548 3191 quo
572 3116 643 3174 illud
667 3116 774 3174 animal
798 3117 983 3188 nominetur;
1005 3116 1078 3189 quid
1103 3129 1204 3177 autern

109 3234 136 3278 at
149 3216 266 3275 interius
290 3217 410 3273 mente?
432 3214 562 3288 cingatur
586 3214 672 3288 igitur
695 3230 817 3288 corpore
843 3224 972 3271 externo,
1015 3213 1107 3285 Quod
1130 3234 1231 3291 quo-r·

88 3356 94 3365 .
149 3315 226 3371 niam
248 3331 308 3371 non
329 3313 434 3388 placet,
457 3321 557 3386 aperta
578 3311 761 3385 simplexque
787 3328 870 3367 mens
895 3311 973 3367 nulla
996 3328 1027 3366 re
1052 3311 1204 3384 adiuncta,

149 3431 207 3487 qua
220 3411 326 3469 sentire
341 3411 441 3486 possit,
457 3410 555 3485 fugere
572 3408 785 3483 intellegentiae
802 3417 918 3465 nostrae
932 3409 992 3465 vim
1007 3416 1036 3464 et
1049 3410 1205 3469 notionem

148 3509 271 3566 videtur.
314 3508 499 3567 Crotoniates
524 3517 622 3563 autem
646 3505 796 3576 Alcmaeo,
819 3506 869 3580 qui
894 3506 946 3563 soli
972 3514 1001 3561 et
1025 3504 1112 3564 lunae
1139 3509 1204 3568 reli·

149 3606 271 3680 quisque
296 3604 438 3662 sideribus
463 3604 620 3677 animoque
648 3611 798 3677 praeterea
820 3601 1002 3660 divinitatem
1025 3600 1118 3676 dedit,
1143 3624 1206 3666 non

149 3700 238 3763 sensit
262 3718 326 3760 sese
354 3700 522 3761 mortalibus
549 3699 635 3759 rebus
662 3699 899 3759 inmortalitatem
919 3698 1000 3758 dare.
1043 3699 1123 3762 Nam
1151 3706 1234 3782 Pyd
