2504 4170
117 280 161 362 98
447 293 496 341 na
517 292 663 343 aarum
687 290 850 342 osonum.

79 460 106 501 aa
159 448 223 506 Alia
247 466 364 523 quoque
392 466 429 504 ex
455 448 576 517 ratione,
599 456 628 503 et
651 445 770 520 quidem
798 445 932 520 physica,
959 464 1071 522 magna
1100 445 1165 503 fluxit

117 544 273 603 multitudo
287 545 418 614 deorum,
433 545 482 618 qui
497 544 588 601 induti
604 545 704 618 specie
719 543 847 600 humana
861 543 976 601 fabulas
993 543 1091 618 poetis
1111 561 1164 617 sup

118 643 328 719 peditaverunt,
344 642 495 698 hominurn
509 652 607 698 autem
621 641 710 697 vitam
724 640 930 714 superstitione
953 641 1039 698 omni
1060 641 1165 698 referse-

118 750 193 798 runt.
234 742 330 813 Atque
352 740 399 795 hic
415 739 496 796 locus
510 758 528 794 a
541 739 660 795 Zenone
684 747 820 794 tractatus
843 745 912 811 post
935 755 955 794 a
978 738 1124 796 Cleanthe
1145 745 1167 795 et

119 837 284 912 Chrysippo
311 836 439 911 pluribus
467 836 561 893 verbis
589 834 749 909 explicatus
777 842 830 891 est.
882 834 964 891 Nam
992 845 1080 893 vetus
1106 835 1185 894 haecs

118 936 219 1009 opinio
248 935 402 992 Graeciam
430 932 560 1007 opplevit
587 942 738 989 exsectum
762 931 886 989 Caelum
914 949 933 988 a
958 932 1021 990 filio
1048 934 1167 1002 Saturno,

81 1041 105 1082 64
117 1033 247 1089 vinctum
262 1042 358 1088 autem
374 1032 528 1088 Saturnum
549 1030 644 1104 ipsum
658 1046 676 1085 a
690 1028 749 1085 filio
764 1029 844 1087 Iove.
888 1029 1018 1104 Physica
1032 1031 1106 1088 ratio
1119 1047 1169 1087 non

118 1130 266 1204 inelegans
287 1129 398 1186 inclusa
411 1137 455 1185 est
469 1128 499 1185 in
514 1128 616 1202 impias
638 1127 748 1184 fabulas
759 1145 767 1198 3
789 1125 951 1184 caelestem
972 1128 1055 1186 enim
1078 1127 1168 1185 altissi-

118 1246 197 1284 mam
225 1226 440 1299 aetheriamque
469 1234 610 1295 naturam,
634 1223 665 1281 id
693 1233 737 1281 est
764 1223 890 1299 igneam,
913 1241 992 1298 quae
1026 1243 1082 1300 per
1115 1242 1169 1283 sese

118 1325 218 1382 omnia
237 1324 376 1398 gigneret,
391 1341 494 1379 vacare
508 1323 660 1380 voluerunt
681 1339 717 1378 ea
738 1331 819 1396 parte
844 1323 988 1396 corporis,
1007 1342 1085 1398 quae
1110 1341 1191 1381 con-w

76 1421 269 1478 25iuncti0ne
296 1421 411 1477 alterius
439 1429 538 1495 egeret
562 1418 601 1476 ad
629 1417 854 1494 procreandum.
898 1419 1059 1480 Saturnum
1083 1432 1170 1478 autern

119 1537 186 1577 eum
201 1535 264 1575 esse
279 1518 439 1588 voluerunt,
455 1518 503 1592 qui
525 1535 641 1574 cursum
662 1525 692 1573 et
713 1516 937 1574 conversionem
960 1519 1124 1592 spatiorum
1142 1535 1171 1576 ac

118 1625 282 1690 tempomm
297 1616 469 1686 contineret,
485 1615 534 1689 qui
548 1614 621 1671 deus
636 1615 750 1672 Graece
768 1612 799 1671 id
820 1613 917 1688 ipsum
938 1633 1053 1674 nomen
1074 1616 1170 1687 habet;

119 1712 227 1789 Κρόνος
247 1713 326 1770 enim
344 1712 457 1783 dicitur,
472 1713 522 1786 qui
544 1722 588 1769 est
611 1710 691 1768 idem
712 1708 819 1787 χρόνος,
834 1709 866 1768 id
888 1720 934 1769 est
957 1714 1087 1788 spatium
1108 1723 1171 1771 tem·
1211 1722 1213 1795 l

119 1809 207 1884 poris.
249 1811 385 1868 Saturnus
406 1819 505 1866 autem
526 1818 570 1866 est
591 1808 761 1883 appellatus
777 1807 858 1883 quod
881 1819 1060 1869 saturaretur
1079 1811 1156 1869 annis
1163 1828 1194 1882 515
1211 1804 1213 1879 f

120 1925 156 1963 ex
171 1925 201 1964 se
217 1908 295 1964 enim
316 1917 400 1964 natos
422 1924 554 1964 comesse
576 1906 691 1981 fingitur
712 1907 821 1976 solituS,
837 1906 907 1981 quia
929 1909 1081 1966 consumit
1102 1918 1172 1966 aetas

119 2013 284 2079 temporum
311 2005 404 2080 spatia
431 2005 572 2079 annisque
599 2003 759 2079 praeteritis
787 2003 1012 2063 insaturabiliter
1037 2006 1170 2081 expletur,

118 2102 231 2159 vinctus
247 2112 345 2159 autem
367 2122 386 2160 a
408 2104 488 2172 Iove,
503 2120 541 2159 ne
564 2100 762 2159 inmoderatos
779 2119 879 2158 cursus
894 2100 1028 2175 haberet,
1044 2113 1132 2178 atque
1146 2110 1172 2160 ut

121 2217 188 2256 eum
202 2199 330 2257 siderum
344 2200 445 2257 vinclis
459 2200 596 2274 alligaret.
639 2197 698 2257 Sed
720 2199 781 2272 ipse
797 2198 939 2273 Iuppiter,
955 2198 988 2257 id
1002 2209 1049 2260 est
1065 2201 1172 2258 ‘iuvans

120 2307 202 2372 pater
212 2298 229 2368 ⁹,
244 2315 331 2371 quem
346 2299 493 2356 conversis
508 2297 622 2354 casibus
644 2296 822 2370 appellamus
844 2313 862 2352 a
883 2295 1015 2356 iuvando
1038 2299 1148 2368 Iovem,
1159 2314 1198 2354 an

121 2395 215 2469 poetis
230 2399 329 2469 ‘pater
340 2394 497 2470 divomque
512 2393 722 2467 hominumque
734 2394 740 2418 ’
753 2392 867 2463 dicitur,
880 2411 899 2450 a
909 2394 1072 2455 maioribus
1085 2405 1174 2454 autem

121 2493 225 2549 nostris
241 2496 394 2567 ‘optumus
414 2510 566 2549 maxumus
576 2492 592 2562 ’,
608 2500 638 2547 et
652 2489 773 2565 quidem
793 2499 861 2547 ante
883 2493 1043 2567 ‘optumus
1054 2495 1072 2566 ⁹,
1087 2491 1119 2551 id
1137 2500 1175 2550 est

121 2588 409 2659 beneficentissimus,
432 2608 520 2664 quam
543 2592 711 2645 ‘maxumus
722 2589 739 2659 ’,
762 2588 831 2662 quia
854 2587 948 2646 maius
973 2599 1020 2647 est
1045 2600 1175 2664 certeque

121 2687 226 2760 gratius
251 2685 391 2762 prodesse
416 2687 551 2744 omnibus
575 2704 663 2760 quam
687 2703 760 2759 opes
784 2703 904 2759 magnas
929 2685 1175 2745 habere-huuc

84 2797 109 2836 st
122 2783 207 2857 igitur
221 2785 342 2854 Ennius,
357 2794 388 2840 ut
403 2802 489 2858 supra
504 2782 573 2853 dixi,
588 2792 738 2857 nuncupat
753 2783 793 2840 ita
807 2783 927 2842 dicens:
1185 2807 1202 2847 s

202 2927 337 3021 dspice
365 2945 432 3001 hoc
465 2945 622 3002 sublime
655 2943 834 3015 candens,
863 2962 970 3019 quem
1004 2949 1177 3008 invocant

765 3044 891 3098 omnes
919 3042 1062 3118 Iovem,

122 3176 235 3252 planius
257 3194 345 3251 quam
367 3174 423 3231 alio
445 3174 513 3231 loco
536 3173 634 3232 idem:
696 3248 701 3257 ι

204 3324 285 3394 Cui,
315 3320 412 3396 quod
445 3321 481 3379 in
515 3340 567 3378 me
603 3331 671 3392 est,
706 3320 928 3378 exsecrabor
960 3320 1049 3397 hoc,
1085 3322 1181 3402 quod

638 3419 751 3489 lucet,
774 3416 955 3492 quicquid
976 3429 1036 3479 est
1050 3441 1062 3496 3
1190 3448 1209 3491 a

123 3570 202 3627 hunc
217 3569 304 3626 etiam
318 3584 439 3641 augures
454 3566 551 3636 nostri,
564 3584 632 3622 cum
643 3566 745 3623 dicunt
760 3569 767 3596 ‘
780 3567 850 3623 Iove
865 3565 1005 3640 fulgente,
1019 3570 1182 3643 tonante'3

124 3666 225 3724 dicunt
253 3665 331 3722 enim
360 3663 460 3719 ‘caelo
487 3663 623 3737 fulgente,
649 3664 794 3721 tonante’.
837 3660 994 3737 Euripides
1014 3674 1131 3742 autem,
1153 3674 1199 3725 ut·

124 3764 216 3822 multa
235 3760 392 3838 praeclare,
408 3759 450 3816 sic
471 3758 528 3816 hoc
549 3759 691 3818 breviter:
