2504 4170
352 336 418 386 LIB.
435 335 456 385 1.
490 335 552 384 cm.
564 335 657 384 XLIV.
692 335 858 398 §5121-124.
1090 320 1133 400 69

77 489 214 551 disseruit
237 490 268 550 in
289 490 362 550 libro
385 491 487 566 quinto
512 488 551 547 de
572 498 675 546 natura
696 488 829 558 deorum,
854 488 949 546 nullos
971 506 1036 546 esse
1060 488 1132 546 deos

79 589 211 665 Epicuro
225 588 326 658 videri,
341 605 474 662 quaeque
489 586 513 644 is
528 584 566 643 de
581 585 644 643 deis
658 585 857 643 inmortalibus
879 583 991 655 dixerit,
1006 584 1132 642 invidiae

78 684 273 743 detestandae
288 685 378 760 gratia
391 683 507 741 dixisse.
550 683 656 757 Neque
674 683 752 739 enim
773 691 833 738 tam
855 681 1002 756 desipiens
1023 682 1131 753 suisset,

78 792 110 839 ut
124 781 296 839 homunculi
315 782 438 839 similem
460 780 551 838 deum
571 781 700 855 lingeret,
715 779 889 837 liniamentis
911 777 1062 836 dumtaxat
1082 797 1132 837 ex-

55 900 59 938 t
78 879 187 949 tremis,
203 897 265 936 non
279 878 379 937 habitu
392 878 496 948 solido,
513 878 649 935 membris
664 877 788 935 hominis
803 876 968 952 praeditum
986 877 1131 948 omnibus,

78 995 132 1034 usu
155 976 355 1033 membrorum
377 993 415 1032 ne
438 976 560 1032 minimo
585 973 714 1050 quidem,
738 973 842 1031 exilem
867 973 1018 1049 quendam
1044 984 1132 1049 atque

77 1073 274 1148 perlucidum,
288 1073 358 1131 nihil
380 1074 516 1149 cuiquam
537 1074 722 1145 tribuentem,
736 1074 807 1132 nihil
828 1073 1048 1149 gratificantem,
1069 1089 1132 1129 om·

78 1171 150 1229 nino
178 1169 252 1228 nihil
279 1180 437 1241 curantem,
466 1171 538 1228 nihil
565 1180 709 1246 agentem.
760 1172 844 1246 Quae
874 1180 977 1228 natura
1006 1169 1133 1245 primum

78 1268 158 1326 nulla
187 1285 252 1325 esse
279 1277 386 1342 potest,
414 1267 504 1343 idque
532 1268 634 1327 videns
663 1271 806 1345 Epicurus
834 1288 865 1327 re
894 1269 975 1340 tollit,
1001 1267 1132 1324 oratione

55 1365 217 1439 orelinquit
245 1363 318 1422 deos
329 1385 337 1437 3
369 1364 488 1438 deinde,
515 1365 540 1424 si
568 1367 694 1425 maxime
721 1368 785 1426 talis
813 1377 856 1425 est
884 1366 967 1438 deus,
995 1374 1029 1423 ut
1055 1364 1177 1422 nullam
1223 1401 1227 1408 -

77 1463 179 1539 gratia,
208 1462 288 1520 nulla
314 1463 466 1521 hominum
493 1464 611 1522 caritate
638 1474 779 1536 teneatur,
807 1464 920 1535 valeat;
951 1461 1024 1538 quid
1054 1461 1133 1519 enim

78 1559 179 1618 dicam
209 1558 368 1634 ‘propitius
396 1560 468 1618 sit’?
509 1560 582 1619 Esse
610 1560 690 1619 enim
716 1561 857 1636 propitius
884 1568 983 1634 potest
1012 1558 1132 1630 nemini,

77 1655 232 1732 quoniam,
260 1664 293 1714 ut
318 1653 423 1728 dicitis,
451 1656 548 1714 omnis
581 1656 613 1715 in
645 1655 831 1716 inbecillitate
858 1665 903 1715 est
929 1665 960 1714 et
985 1655 1077 1732 gratia
1103 1663 1134 1713 et

77 1753 195 1813 caritas.
