2504 4170
124 246 183 309 162
447 256 497 308 DE
518 256 664 309 NATURA
686 256 852 310 DEORUM.

119 432 228 485 sumus,
250 410 354 488 quibus
373 429 425 470 vos
446 419 569 487 optume
591 411 758 471 consultum
779 430 798 469 a
818 411 867 471 dis
888 413 1089 473 inmortalibus
1100 411 1154 471 dici·

119 512 165 570 tis.
207 511 285 568 Nam
300 518 332 566 ut
345 508 416 566 nihil
437 508 565 580 interest,
579 518 676 566 utrum
697 527 786 567 nemo
801 509 909 582 valeat,
925 529 965 568 an
986 509 1155 586 nemopossit

118 609 223 679 valere,
238 607 280 664 sic
296 623 357 663 non
376 604 523 680 intellego,
539 604 611 680 quid
626 605 745 676 intersit,
759 614 860 663 utrum
881 624 976 665 nemo
997 608 1034 665 sit
1053 606 1154 682 sapiens,

120 724 158 763 an
172 721 260 762 nemo
275 720 339 760 esse
354 702 454 777 possit.
498 704 618 760 Aenos
639 701 760 776 quidem
782 702 872 760 nimis
890 704 985 761 multa
999 703 1037 762 de
1051 721 1079 761 re
1092 719 1154 777 aper·

119 803 248 860 tissuma
288 799 413 858 Telamo
434 809 532 856 autem
553 816 614 856 uno
634 816 718 857 versu
739 797 841 856 locum
863 808 963 857 toturn
984 800 1175 869 conficitcurr

120 897 151 956 di
165 897 300 956 homines
313 895 486 971 neglegant:

161 1043 250 1101 Nam
270 1040 300 1100 si
321 1049 465 1113 curent,
487 1040 580 1099 bene
602 1039 710 1098 bonis
731 1039 792 1112 sit,
814 1041 909 1099 male
931 1042 1039 1101 malis
1048 1062 1057 1115 3

776 1135 877 1212 quod
898 1140 997 1196 ndnc
1018 1138 1127 1197 abest.

119 1285 278 1345 Debebant
300 1284 339 1342 illi
363 1283 485 1360 quidem
512 1282 608 1341 omnis
637 1281 732 1341 bonos
760 1280 888 1355 efficere,
909 1283 1058 1358 siquidem
1080 1281 1156 1341 homi·

81 1393 107 1434 w
120 1400 192 1440 num
215 1381 315 1457 generi
342 1380 543 1437 consulebant.
586 1379 636 1437 Sin
660 1376 691 1436 id
716 1379 821 1449 minus,
839 1379 926 1438 bonis
952 1379 1074 1455 quidem
1094 1387 1182 1437 certer

120 1478 272 1536 consulere
294 1476 451 1535 debebant.
494 1477 554 1534 Cur
575 1475 659 1550 igitur
683 1474 744 1532 duo
769 1475 932 1551 Scipiones,
955 1476 1119 1534 fortissimos
1135 1482 1158 1532 et

119 1575 247 1650 optimos
272 1574 356 1645 viros,
382 1573 411 1630 in
439 1572 584 1648 Hispania
611 1573 728 1629 Poenus
752 1572 919 1647 oppressit?
950 1591 1003 1632 cur
1030 1573 1157 1631 Maximus

119 1672 221 1730 extulit
235 1672 325 1729 filium
345 1671 549 1728 consularem?
570 1688 622 1726 cur
642 1658 815 1727 Marcellum
839 1669 992 1728 Hannibal
1011 1657 1164 1728 interemit?

119 1786 171 1827 cur
199 1769 321 1826 Paulum
350 1767 470 1826 Cannae
502 1766 698 1824 sustulerunt?
732 1783 783 1822 cur
816 1767 985 1824 Poenorum
1013 1763 1159 1825 crudelitati

120 1866 226 1940 Reguli
241 1883 347 1939 corpus
361 1875 405 1922 est
422 1865 606 1939 praebitum?
628 1882 679 1920 cur
693 1863 862 1921 Africanum
878 1864 1036 1923 domestici
1051 1865 1159 1941 parietes
1168 1886 1183 1924 rs

119 1980 180 2019 non
204 1948 359 2021 texeiunt?
399 1960 457 2020 Sed
482 1962 556 2019 haec
579 1972 677 2019 vetera
702 1970 731 2018 et
758 1960 814 2018 alia
842 1962 1008 2036 permulta,
1038 1961 1159 2038 propiora

118 2058 279 2116 videamus.
322 2059 382 2117 Cur
402 2059 561 2115 avunculus
584 2076 675 2128 meus,
690 2057 732 2115 vir
753 2057 1022 2118 innocentissumus
1037 2059 1159 2132 idemque

120 2154 325 2226 doctissumus,
343 2157 374 2212 P.
390 2156 524 2227 Rutilius,
537 2155 566 2211 in
588 2155 674 2211 exilio
696 2155 761 2211 est?
781 2173 834 2213 cur
855 2154 964 2214 sodalis
985 2176 1068 2214 meus
1088 2157 1159 2213 inter·

119 2251 212 2310 iectus
239 2251 322 2310 domi
349 2269 428 2322 suae,
459 2252 591 2309 Drusus?
625 2270 676 2308 cur
704 2252 915 2326 temperantiae
943 2252 1161 2327 prudentiaeque

120 2349 271 2423 specimen
296 2359 364 2406 ante
392 2348 578 2405 simulacrum
602 2349 709 2405 Vestae
737 2348 870 2423 pontifex
898 2348 1044 2408 maximus
1069 2359 1110 2407 est
1130 2347 1187 2420 Qm

120 2446 260 2504 Scaevola
283 2443 465 2503 trucidatus?
494 2463 546 2501 cur
573 2453 640 2501 ante
667 2445 755 2502 etiam
778 2453 822 2502 tot
848 2444 971 2503 civitatis
997 2446 1162 2522 principesa

120 2543 216 2601 Cinna
236 2542 423 2617 interempti?
444 2559 495 2598 cur
515 2541 648 2599 omnium
669 2541 932 2616 perfidiosissimus,
950 2542 985 2601 C.
1002 2544 1118 2614 Marius,
1131 2539 1161 2614 Q.

120 2638 266 2710 Catulum,
280 2638 536 2714 praestantissuma
557 2637 698 2714 dignitate
719 2639 820 2710 virum,
841 2638 915 2696 mori
936 2640 1035 2714 potuit
1056 2635 1164 2698 iubere?

81 2743 106 2785 81
120 2735 193 2793 Dies
214 2734 341 2806 deficiat,
363 2735 387 2792 si
407 2734 493 2791 velim
515 2752 677 2806 numerare,
699 2736 804 2809 quibus
832 2734 916 2792 bonis
939 2736 1017 2794 male
1039 2733 1163 2803 evenerit,

119 2849 176 2888 nec
204 2832 308 2902 minus,
330 2831 353 2888 si
381 2849 622 2902 commemorem,
648 2831 753 2906 quibus
778 2831 918 2906 improbis
943 2833 1067 2907 optime.
1115 2831 1165 2891 Cur
1173 2847 1191 2886 rs

120 2927 199 2985 enirn
214 2928 323 2985 Marius
337 2938 397 2985 tam
411 2926 533 2984 feliciter
547 2929 703 3003 septimum
726 2927 828 2985 consul
846 2927 928 2986 domi
943 2947 1014 2987 suae
1029 2946 1117 2988 senex
1130 2933 1166 2985 est

119 3025 272 3082 mortuus?
292 3042 344 3081 cur
364 3023 495 3081 omniurn
517 3024 735 3082 crudelissimus
756 3034 816 3081 tarn
837 3023 887 3082 diu
909 3024 1007 3083 Cinna
1028 3014 1167 3102 regnavit?

76 3124 114 3180 83
122 3122 159 3177 At
183 3119 266 3179 dedit
291 3137 411 3195 poenas.
455 3120 604 3179 Prohiberi
632 3121 735 3179 melius
760 3120 812 3178 suit
841 3118 1046 3196 impedirique,
1071 3140 1108 3181 ne
1131 3127 1167 3178 tot

120 3234 250 3274 summos
263 3217 340 3274 viros
361 3215 544 3288 interficeret,
560 3234 648 3291 quarn
670 3217 766 3292 ipsum
788 3216 946 3291 aliquando
966 3235 1081 3293 poenas
1095 3217 1166 3276 dare.

120 3311 241 3370 Summo
263 3314 393 3371 cruciatu
422 3313 625 3389 supplicioque
648 3313 685 3388 Q.
706 3313 817 3383 Varius,
843 3313 933 3371 homo
954 3312 1197 3389 importunum-a

119 3427 195 3478 mus,
212 3411 316 3485 periit,
338 3410 371 3480 si,
386 3409 456 3483 quia
471 3410 598 3469 Drusum
614 3412 697 3481 ferro,
715 3411 867 3478 Metellum
881 3428 998 3470 veneno
1013 3413 1168 3481 sustulerat,

119 3505 183 3562 illos
198 3506 363 3565 conservari
384 3506 486 3570 melius
509 3505 561 3564 luit
582 3526 670 3582 quam
692 3525 802 3582 poenas
823 3506 941 3564 sceleris
960 3509 1082 3567 Varium
1103 3526 1169 3585 pen·

120 3599 199 3660 dere.
243 3600 544 3677 Duodequadraginta
567 3621 661 3660 annos
688 3603 845 3677 Dionysius
866 3612 1004 3678 tyrannus
1027 3606 1080 3664 suit
1102 3622 1169 3681 opa-

49 3717 51 3722 ·
81 3695 305 3781 salentissumae
328 3708 357 3756 et
378 3698 571 3784 beatissumae
594 3698 717 3757 civitatis
727 3719 736 3773 5
765 3717 854 3776 quarn
876 3700 983 3758 multos
1004 3712 1073 3760 ante
1095 3696 1171 3761 hurt'c
