2504 4170
359 294 424 346 ma
440 295 490 346 111.
525 295 766 356 cmxvixvn.
801 296 831 360 §5
843 309 932 360 aaa·
1110 303 1171 367 149

100 448 307 528 lampades
328 448 488 521 suerint'‚
509 456 541 507 ut
555 449 595 507 ait
609 450 727 522 Accius,
743 451 796 508 ‘in
817 451 962 510 domum
983 463 1170 511 aeternam

102 549 243 627 patris'
262 566 301 605 ex
315 547 365 605 illo
380 546 482 604 ardore
500 547 682 622 pervenerit;
704 566 792 622 quem
807 558 906 606 tamen
922 551 1070 608 Homerus
1091 551 1170 625 apud

103 646 220 705 inferos
243 644 396 703 conveniri
418 644 485 700 iacit
506 644 543 702 ab
564 644 660 715 Ulixe,
680 645 755 702 sicut
776 655 898 716 ceteros,
915 647 965 720 qui
986 657 1170 704 excesserant

104 744 178 802 vita.
224 741 426 816 Quamquam,
440 758 529 815 quern
550 742 735 815 potissimum
758 742 920 800 Herculem
942 745 1080 815 colamus,
1096 745 1169 802 scire
1182 766 1207 808 n

72 856 87 897 s
107 857 182 899 sane
197 839 308 910 velim;
331 838 419 912 pluris
433 837 511 895 enim
526 838 643 895 tradunt
660 838 744 895 nobis
760 839 787 909 ii,
803 839 852 912 qui
873 839 1023 898 interiores
1040 853 1169 898 scrutan-

107 947 157 995 tur
179 946 211 994 et
232 934 401 993 reconditas
424 935 539 1005 litteras,
555 935 786 1009 antiquissimum
809 936 880 993 Iove
902 947 1011 1006 natum,
1027 938 1081 994 sed
1100 939 1170 996 item

111 1036 186 1093 Iove
202 1033 424 1108 antiquissimo;
446 1051 515 1089 nam
531 1033 615 1090 Ioves
631 1050 749 1107 quoque
764 1033 852 1107 pluris
871 1033 901 1090 in
916 1035 1017 1107 priscis
1040 1037 1169 1094 Graeco·

109 1149 178 1189 rum
193 1130 294 1188 litteris
309 1129 482 1186 invenimus.
516 1129 562 1186 Ex
576 1147 613 1187 eo
628 1129 712 1203 igitur
726 1138 755 1186 et
767 1129 905 1204 Lysitho‘e
920 1141 964 1187 est
978 1131 1001 1187 is
1015 1133 1168 1204 Hercules,

111 1245 204 1302 quem
219 1227 434 1285 concertavisse
449 1244 518 1283 cum
532 1226 667 1300 Apolline
682 1226 721 1283 de
735 1226 851 1301 tripode
869 1229 1047 1301 accepimus,
1090 1229 1171 1286 Alter
1228 1273 1233 1285 .

72 1323 238 1382 wtraditur
265 1324 337 1381 Nilo
364 1332 448 1380 natus
475 1323 644 1397 Aegyptius,
670 1341 758 1396 quem
788 1323 868 1380 aiunt
897 1324 1033 1398 Phrygias
1061 1325 1169 1383 litteras

113 1421 335 1496 conscripsisse.
376 1419 491 1477 Tertius
510 1430 610 1477 estex
632 1418 728 1476 Idaeis
751 1420 865 1493 Digitis,
884 1420 931 1476 cui
953 1420 1068 1478 inferias
1089 1422 1142 1479 ads
1157 1457 1169 1465 -

112 1529 191 1577 runt.
234 1518 363 1592 Quartus
385 1517 462 1574 Iovis
483 1525 527 1573 est
546 1525 577 1574 et
593 1517 734 1586 Asteriae,
751 1517 881 1573 Latonae
902 1519 1016 1587 sororis,
1037 1519 1087 1592 qui
1101 1521 1170 1595 Tyri

113 1616 242 1674 maxime
264 1615 379 1685 colitur,
401 1614 483 1671 cuius
505 1613 715 1687 Karthaginem
736 1613 824 1669 filiam
845 1614 949 1671 serunt.
993 1615 1118 1688 Quintus
1140 1617 1169 1674 in

115 1712 211 1783 India,
228 1712 279 1786 qui
294 1711 381 1768 Belus
397 1710 511 1768 dicitur.
554 1711 656 1768 Sextus
676 1709 724 1765 hic
743 1728 780 1766 ex
794 1709 945 1782 Alcmena,
961 1731 1049 1785 quem
1069 1714 1168 1788 Iuppi-

77 1833 100 1872 ις
114 1819 159 1867 ter
178 1809 289 1884 genuit,
305 1805 361 1865 sed
381 1808 480 1864 tertius
500 1807 640 1882 luppiter,
656 1806 805 1879 quoniam,
821 1816 852 1863 ut
867 1807 925 1863 iarn
940 1807 1066 1880 docebo,
1082 1811 1169 1884 pluris

115 1906 202 1963 Ioves
224 1905 315 1963 etiam
337 1904 515 1978 accepimus.

155 2001 287 2076 Quando
316 2001 395 2058 enim
419 2018 466 2058 me
491 2000 521 2057 in
545 2000 624 2058 hunc
652 2000 749 2056 locum
775 1998 898 2057 deduxit
925 2002 1026 2071 oratio,
1053 1982 1210 2086 doceboss

114 2099 235 2157 meliora
249 2116 298 2156 me
314 2096 452 2155 didicisse
467 2096 505 2154 de
520 2096 651 2154 colendis
667 2095 711 2153 dis
727 2097 926 2154 inmortalibus
942 2099 1001 2154 iure
1017 2099 1169 2171 pontificio

114 2204 144 2254 et
164 2213 247 2253 more
271 2194 414 2251 maiorum
436 2192 646 2268 capedunculis
667 2193 710 2263 iis,
725 2211 798 2267 quas
820 2194 919 2250 Numa
940 2195 1024 2251 nobis
1046 2196 1168 2269 reliquit,

78 2320 102 2349 ω
115 2291 153 2350 de
168 2293 274 2367 quibus
290 2292 320 2348 in
335 2290 383 2347 illa
396 2291 512 2347 aureola
526 2289 706 2347 oratiuncula
723 2290 794 2346 dicit
810 2290 932 2360 Laelius,
949 2309 1036 2364 quam
1051 2292 1168 2348 rationi-

113 2390 168 2448 bus
182 2389 358 2448 Stoicorum.
400 2387 429 2445 Si
450 2387 528 2444 enim
542 2406 593 2444 vos
616 2405 728 2460 sequar,
744 2386 802 2456 dic,
818 2385 889 2459 qnid
912 2388 939 2443 ei
960 2387 1167 2460 respondeam,

114 2487 165 2561 qui
185 2504 233 2544 me
253 2486 298 2543 sic
312 2493 413 2558 roget:
436 2484 466 2541 Si
480 2484 511 2540 di
532 2494 607 2553 sunt,
623 2493 729 2540 suntne
751 2483 839 2539 etiam
855 2484 1010 2557 Nymphae
1030 2483 1125 2542 deae?
1146 2485 1169 2542 si

115 2583 282 2659 Nymphae,
305 2580 420 2638 Panisci
442 2581 528 2637 etiam
548 2591 576 2637 et
598 2580 710 2654 Satyri?
751 2580 793 2636 Hi
815 2589 914 2636 autem
935 2599 995 2638 non
1017 2592 1082 2638 sunt
1094 2603 1102 2654 ;
1130 2601 1168 2638 ne

115 2680 272 2756 Nymphae
292 2676 399 2755 [deae]
418 2677 537 2752 quidem
552 2678 657 2752 igitur?
698 2678 735 2733 At
755 2694 854 2732 earum
876 2678 986 2751 templa
1007 2688 1074 2735 sunt
1094 2679 1168 2753 pub·

78 2800 100 2839 τε
113 2778 168 2835 lice
182 2787 251 2834 vota
265 2785 296 2832 et
310 2774 455 2832 dedicata.
498 2775 545 2831 Ne
561 2773 650 2830 ceteri
667 2772 788 2847 quidem
803 2791 872 2847 ergo
894 2773 933 2843 di,
949 2793 1073 2849 quorum
1094 2785 1167 2832 tem·

113 2875 162 2950 pla
189 2882 258 2932 sunt
286 2871 445 2930 dedicata?
486 2873 547 2945 Age
576 2889 672 2946 porr0,
700 2871 802 2927 lovem
827 2880 857 2927 et
882 2872 1052 2944 Neptunum
1078 2872 1168 2929 deum

112 2989 268 3042 numeras;
284 2986 354 3043 ergo
368 2969 456 3025 etiam
472 2968 575 3039 Orcus,
591 2968 677 3024 frater
689 2985 799 3036 eorum,
815 2967 897 3037 deus,
911 2978 940 3024 et
955 2968 1002 3038 illi,
1014 2970 1063 3043 qui
1079 2969 1167 3026 flucre

112 3066 192 3142 apud
214 3067 323 3125 inferos
344 3065 489 3136 dicuntur,
504 3065 651 3134 Acheron,
674 3064 812 3138 Cocytus,
834 3065 1089 3139 Pyriphlegethon,
1104 3076 1166 3124 tum

112 3164 241 3235 Charon,
257 3173 321 3221 tum
336 3162 479 3221 Cerberus
494 3161 524 3219 di
539 3160 671 3236 putandi.
709 3162 746 3216 At
761 3160 790 3217 id
805 3160 926 3234 quidem
941 3161 1164 3235 repudiandum.
1180 3178 1205 3216 rt

75 3283 99 3322 ³0
112 3261 158 3320 Ne
173 3261 271 3320 Orcus
286 3258 408 3334 quidem
423 3259 515 3332 igitur.
548 3258 629 3332 Quid
644 3257 739 3314 dicitis
755 3276 823 3331 ergo
838 3257 876 3314 de
891 3259 1044 3315 fratribus?
1080 3261 1166 3315 Haec

111 3357 282 3417 Carneades
299 3355 406 3426 aiebat,
421 3373 482 3412 non
502 3365 534 3412 ut
555 3355 628 3412 deos
649 3353 761 3410 tolleret
781 3354 867 3427 (quid
889 3356 966 3411 enim
990 3355 1166 3430 philosopho

110 3455 205 3512 minus
221 3448 453 3525 conveniensi),
468 3451 521 3508 sed
536 3461 566 3508 ut
582 3451 694 3509 Stoicos
709 3451 779 3507 nihil
801 3450 839 3506 de
861 3451 905 3507 dis
928 3452 1071 3524 explicare
1094 3471 1163 3509 con-

109 3551 261 3622 vinceret;
289 3549 388 3622 itaque
410 3547 624 3621 insequebatur.
668 3546 748 3618 Quid
771 3547 870 3603 euim?
895 3548 998 3616 aiebat,
1015 3549 1037 3602 si
1060 3548 1088 3603 hi
1111 3549 1164 3604 fra-

110 3655 167 3705 tres
191 3655 261 3705 sunt
286 3645 317 3703 in
342 3661 466 3701 numero
491 3644 623 3712 deorum,
649 3661 719 3699 num
746 3641 783 3698 de
809 3652 889 3716 patre
916 3661 1015 3698 eorum
1042 3645 1164 3701 Saturno

71 3764 98 3807 aa
109 3743 208 3819 negari
221 3750 333 3819 potest,
348 3758 439 3816 quern
452 3741 538 3815 volgo
553 3739 678 3798 maxime
695 3738 793 3795 colunt
808 3737 847 3795 ad
862 3738 1069 3797 occidentem?
1105 3740 1163 3813 Qui
