2504 4170
202 318 271 369 unt.
285 319 336 368 ιιι.
370 318 433 369 cu.
447 319 685 378 xxvur,xx1x.
721 318 855 385 tiam
1013 316 1074 386 159

49 488 84 545 ιι,
99 471 129 530 si
147 469 246 530 modo
264 471 416 545 habemus,
430 471 541 532 bonam
554 481 654 531 autem
666 473 811 531 rationem
825 481 950 531 autnon
964 471 1074 531 bonam

49 568 149 629 nobis.
195 569 267 628 Non
288 569 376 641 enim,
398 579 430 627 ut
450 569 659 645 patrimonium
680 570 858 646 relinquitur,
873 569 916 627 sic
935 569 1009 628 ratio
1030 578 1074 628 est

49 665 129 723 »mini
149 665 299 724 beneficio
320 665 444 724 deorum
466 665 543 724 data.
587 665 668 741 Quid
689 667 768 725 enim
788 668 886 743 potius
907 666 1073 726 hominibus

49 761 180 833 edissent,
195 762 221 821 si
235 762 269 820 iis
282 780 390 820 nocere
404 763 584 821 voluissent?
626 764 786 822 Iniustitiae
806 774 914 835 autem,
930 765 1072 839 intempe-

49 859 137 932 ntiae,
161 858 323 918 timiditatis
346 878 421 934 quae
444 861 557 918 semina
579 872 685 933 essent,
709 862 733 919 si
755 861 799 919 his
821 862 896 919 vitiis
918 862 991 919 ratio
1013 879 1073 918 non

49 955 173 1014 besset?
214 955 325 1014 Medea
338 956 430 1014 modo
445 966 475 1015 et
488 961 593 1015 Atreus
613 959 919 1016 commemorabantur
940 976 958 1014 a
977 957 1117 1028 nonium

49 1052 156 1110 :tolcae
180 1068 334 1128 personae,
359 1052 431 1110 inita
458 1052 661 1130 subductaque
688 1054 800 1112 ratione
827 1054 938 1112 nefaria
964 1054 1075 1113 scelera

49 1146 206 1208 editantes.
251 1148 353 1223 Quid?
376 1149 506 1209 levitates
525 1150 658 1208 comicae
679 1168 820 1226 parumne
842 1168 959 1226 semper
978 1149 1008 1208 in
1029 1167 1073 1208 ra·
1086 1169 1112 1213 n

49 1262 100 1303 >ne
113 1248 286 1304 versantur?
305 1263 447 1321 parumne
461 1246 604 1305 subtiliter
616 1246 747 1322 disputat
759 1247 807 1305 ille
821 1246 852 1305 in
867 1245 1035 1305 Eunucho?

103 1374 201 1450 Quid
222 1375 334 1452 igitur
354 1376 508 1435 faciam?
522 1421 530 1437 .
593 1418 601 1437 .
616 1421 647 1436 ..

103 1470 287 1545 Exclusit,
315 1482 483 1547 revocat3
514 1472 682 1532 redeam?
712 1491 797 1546 non,
826 1473 856 1533 si
883 1491 938 1532 me
966 1472 1074 1533 obse-

784 1579 872 1629 cret.

49 1716 74 1775 le
94 1734 165 1775 vero
185 1717 217 1774 in
238 1716 418 1792 Synephebis
439 1716 686 1776 Academicorum
697 1710 789 1775 ‘more
813 1726 917 1774 contra
939 1734 1072 1775 commu-

49 1831 90 1872 em
111 1813 285 1889 opinionem
305 1831 366 1870 non
386 1812 501 1872 dubitat
521 1831 651 1889 pugnare
670 1813 791 1884 ratione,
806 1813 858 1888 qui
878 1813 931 1871 ‘in
951 1830 1074 1872 amore

49 1928 158 1968 ummo
179 1927 390 1984 summaque
411 1910 538 1986 inopia
557 1927 666 1968 suave
687 1911 786 1967 esse'
808 1908 881 1966 dicit

73 2050 76 2055 '
101 2041 296 2099 Parentem
323 2038 457 2099 habere
485 2043 644 2112 avarum,
672 2039 893 2115 inlepidum,
917 2040 954 2098 in
980 2039 1073 2100 libe-

783 2155 842 2195 ros

101 2233 328 2306 Difficilem,
350 2233 410 2309 qui
431 2242 466 2291 te
489 2236 558 2292 nec
578 2242 673 2291 amet
693 2250 760 2291 nec
782 2232 931 2292 studeat
951 2232 1019 2293 tui.

49 2385 118 2454 tque
133 2377 202 2436 huic
217 2375 380 2435 incredibili
394 2377 556 2434 sententiae
570 2375 745 2434 ratiunculas
759 2376 906 2451 suggerit:
1085 2400 1112 2444 η

101 2526 171 2583 Aut
192 2533 230 2581 tu
251 2523 352 2581 illum
373 2524 496 2581 fructu
517 2523 624 2581 fallas
646 2532 706 2581 aut
726 2541 790 2598 per
809 2524 958 2581 litteras

102 2621 256 2678 Avertas
276 2618 427 2695 aliquod
448 2624 580 2678 nomen
601 2629 662 2677 aut
682 2636 747 2694 per
766 2618 949 2678 servolum

104 2715 294 2775 Percutias
315 2714 500 2791 pavidum,
523 2718 710 2791 pbstremo
732 2734 750 2772 a
770 2721 881 2791 parco
902 2725 1007 2792 patre

103 2811 210 2887 Quod
231 2815 363 2884 sirmas,
385 2822 523 2889 quanto
545 2812 706 2887 dissipes
727 2812 925 2871 libentius!

49 2957 166 3037 demque
180 2962 298 3021 facilem
312 2971 342 3021 et
355 2961 504 3021 liberalem
518 2969 631 3036 patrem
645 2957 868 3017 incommodum
882 2976 946 3017 esse
965 2961 1075 3018 amanti

49 3052 85 3115 lio
97 3057 237 3134 disputat,

106 3188 220 3277 Quem
247 3189 365 3263 neque
394 3206 465 3264 quo
492 3195 603 3262 pacto
631 3185 754 3244 fallam
780 3202 848 3242 nec
876 3184 964 3258 quid
988 3185 1074 3245 inde

785 3282 946 3339 adferam

105 3379 180 3439 Nec
207 3381 313 3455 quem
341 3379 464 3439 dolum
491 3379 536 3438 ad
560 3397 639 3437 eum
663 3387 724 3436 aut
748 3378 953 3436 machinam
976 3395 1073 3436 com·

784 3474 928 3544 mdliar,

105 3571 186 3632 Scio
214 3575 430 3648 quicquam;
459 3571 511 3629 ita
538 3587 662 3630 omnes
691 3572 789 3628 meos
818 3569 939 3640 dolos,
968 3570 1073 3630 salta·

715 3707 717 3711 ,
786 3677 876 3730 eras,

105 3757 347 3835 Praestrigias
367 3757 608 3834 praestrinxit
628 3755 872 3816 commoditas
893 3756 1019 3830 patris.
