2504 4170
128 279 189 341 144
451 275 500 325 ne
521 276 667 328 unauna
688 277 856 330 aeonum

124 429 226 504 Quid?
247 438 344 487 aestus
363 429 499 487 maritimi
513 430 559 488 vel
581 431 795 506 Hispanienses
814 434 865 491 vel
888 436 1060 498 Britannici
1080 459 1176 499 eorum·

123 546 180 602 que
200 528 285 583 certis
305 527 485 600 temporibus
506 527 553 584 vel
575 546 710 585 accessus
731 529 778 585 vel
799 548 944 591 recessus
965 535 1032 594 sine
1054 537 1111 596 deo
1130 537 1177 595 fieri

122 643 182 681 non
205 624 347 698 possunt?
387 622 473 694 Vide,
492 642 610 697 quaes0,
629 625 652 681 si
674 625 770 682 omnis
793 638 899 688 motus
922 633 1096 709 omniaque,
1116 653 1177 710 quae

123 723 208 778 certis
227 720 408 795 temporibus
428 719 560 777 ordinem
578 739 664 778 suum
679 736 867 796 conservant,
884 726 991 787 divina
1006 730 1137 803 dicimus,
1148 749 1176 790 ne

122 819 258 875 tertianas
273 835 390 891 quoque
406 817 500 874 febres
516 827 545 873 et
560 829 714 891 quartanas
732 817 849 878 divinas
871 841 941 882 esse
961 827 1124 886 dicendum
1142 830 1197 899 sits

122 933 246 988 quarum
265 914 429 971 reversione
450 924 479 971 et
497 924 580 970 motu
597 913 669 988 quid
683 924 781 989 potest
796 912 864 975 ess'e
881 925 1093 983 constantius?
1131 923 1177 984 Sed

84 1031 110 1070 25
122 1013 254 1068 omnium
268 1012 367 1068 talium
381 1029 477 1067 rerum
492 1011 564 1067 ratio
578 1010 732 1069 reddenda
746 1023 799 1071 est.
833 1015 934 1089 Quod
945 1039 1001 1078 vos
1015 1041 1085 1080 cum
1095 1024 1176 1080 facere

121 1127 182 1165 non
196 1109 326 1183 potestis,
341 1119 490 1181 tamquam
505 1108 535 1165 in
549 1126 628 1164 aram
642 1110 798 1183 confugitis
814 1111 855 1169 ad
871 1113 978 1176 deum.

164 1207 202 1262 Et
217 1205 395 1279 Chrysippus
410 1204 461 1261 tibi
480 1214 565 1261 acute
591 1204 690 1262 dicere
711 1205 878 1281 videbatur,
894 1211 992 1272 homo
1014 1217 1078 1274 sine
1098 1215 1175 1274 dubio

121 1312 252 1360 versutus
280 1311 309 1358 et
338 1299 457 1358 callidus
488 1302 633 1377 (versutos
661 1319 713 1359 eos
738 1304 868 1377 appe110,
896 1326 1029 1383 quorum
1057 1314 1174 1372 celeriter
1183 1335 1199 1362 ιο

124 1418 206 1457 mens
220 1409 355 1468 versatur,
371 1397 492 1455 callidos
509 1408 617 1469 autem,
632 1416 768 1472 quorum,
782 1409 942 1476 tamquam
962 1427 1070 1468 manus
1088 1428 1172 1486 opere,

122 1497 164 1553 sic
186 1497 299 1553 animus
320 1513 373 1551 usu
396 1494 592 1568 concalluit);
616 1494 639 1551 is
656 1495 759 1569 igitur:
786 1497 834 1554 ‘Si
857 1500 975 1576 aliquid
997 1509 1071 1578 est',
1085 1507 1172 1582 inquit,

123 1592 221 1667 ‘quod
243 1592 333 1648 homo
356 1590 472 1647 efficere
493 1608 554 1669 npn
573 1591 673 1665 possit,
696 1592 746 1665 qui
767 1591 799 1649 id
821 1594 924 1669 efficit,
941 1603 1049 1661 melior
1070 1614 1112 1662 est
1130 1603 1172 1662 ho

121 1691 218 1758 mine;
244 1688 335 1745 homo
359 1697 456 1744 autem
479 1688 562 1758 haec,
586 1706 660 1761 quae
685 1689 714 1744 in
737 1690 852 1749 mundo
876 1707 957 1769 sunt,
983 1700 1102 1759 efficere
1122 1719 1172 1759 non

121 1796 236 1862 potest;
265 1785 315 1858 qui
340 1784 434 1857 potuit
458 1784 551 1858 igitur,
577 1784 600 1841 is
624 1795 752 1858 praestat
775 1785 914 1863 homini3
944 1795 1061 1855 homini
1086 1809 1197 1856 autema

121 1893 266 1957 praestare
289 1881 353 1954 quis
374 1880 465 1954 possit
486 1881 539 1936 nisi
555 1880 649 1938 deus?
670 1892 714 1938 est
728 1883 815 1956 igitur
833 1885 931 1947 deus!
976 1894 1067 1952 Haec
1086 1896 1172 1953 omnia

82 2000 108 2038 ao
121 1980 151 2036 in
172 1978 288 2048 codem,
310 1996 369 2051 quo
391 1977 438 2033 illa
461 1977 595 2047 Zenonis
618 1996 713 2037 errore
733 1992 896 2043 versantur.
941 1989 1027 2063 Quid
1048 1993 1126 2051 enim
1143 1992 1172 2050 sit

120 2076 231 2145 melius,
247 2072 318 2148 quid
332 2073 539 2147 praestabilius,
555 2073 627 2147 quid
644 2076 719 2132 inter
733 2088 868 2137 naturam
883 2092 915 2140 et
932 2086 1081 2146 rationem
1095 2091 1170 2147 inter·

120 2172 165 2243 sit,
187 2190 247 2228 non
268 2170 459 2244 distinguitur.
503 2168 657 2244 Idemque,
673 2172 697 2229 si
718 2171 767 2229 dei
788 2193 850 2232 non
872 2179 943 2252 sint,
958 2194 1049 2258 negat
1070 2205 1131 2245 esse
1147 2186 1171 2242 in

120 2269 200 2326 omni
221 2278 322 2324 natura
339 2266 497 2340 quicquam
511 2266 632 2324 homine
646 2269 769 2342 melius,
792 2270 823 2327 id
838 2284 941 2334 autem
955 2290 1064 2354 putare
1079 2301 1168 2358 quem·
1179 2307 1197 2334 ω

119 2384 208 2440 quam
222 2364 381 2433 hominem,
397 2362 468 2419 nihil
482 2362 602 2420 homine
617 2382 681 2421 esse
700 2367 811 2438 melius,
827 2387 966 2431 summae
988 2377 1170 2454 adrogantiae

120 2473 221 2519 censet
235 2479 307 2518 esse.
350 2460 391 2517 Sit
408 2477 477 2515 sanc
499 2458 666 2534 adrogantis
687 2463 776 2536 pluris
797 2482 829 2521 se
850 2478 958 2540 putare
980 2491 1074 2548 quam
1095 2494 1169 2534 mun.

119 2561 210 2632 dum;
232 2569 261 2615 at
275 2556 345 2615 illud
360 2575 421 2613 non
436 2555 528 2613 modo
546 2575 608 2615 non
626 2556 802 2632 adrogantis,
818 2560 872 2619 sed
891 2569 993 2639 potiiss
1015 2571 1169 2646 prudentis,

118 2657 284 2730 intellegere
300 2672 330 2711 sc
346 2653 452 2710 habere
467 2671 585 2709 sensum
600 2664 629 2710 et
645 2655 798 2727 rationem,
814 2656 890 2717 haec
908 2663 1019 2724 eadem
1035 2669 1169 2728 Orionem

118 2764 148 2810 et
163 2752 334 2811 Caniculam
348 2769 408 2807 nou
423 2749 539 2806 habere.
583 2752 638 2808 Et:
663 2752 710 2809 ‘Si
728 2750 834 2811 domus
856 2758 983 2830 pulchra
1004 2764 1050 2837 sit,
1066 2765 1197 2822 intelle-²⁵

117 2869 218 2925 gamus
240 2867 305 2905 eam
327 2847 453 2904 dominis
461 2848 478 2917 ³,
499 2847 600 2921 inquit,
623 2847 827 2908 ‘aedificatam
849 2870 925 2927 esse,
940 2876 1005 2918 non
1027 2862 1169 2934 muribus;

117 2948 159 3006 sic
180 2948 265 3021 igitur
286 2943 429 3002 mundum
451 2942 573 3000 deorum
594 2942 717 3003 domum
737 2947 902 3008 existimare
921 2952 1089 3017 debemus’
1129 2960 1170 3017 Ita

117 3063 232 3121 prorsus
255 3042 459 3110 existimarem,
475 3040 498 3097 si
519 3040 599 3098 illum
620 3041 813 3101 aedificatum¹
829 3064 904 3119 esse,
923 3068 987 3109 non
1012 3053 1118 3131 (quem
1135 3052 1169 3113 ad

117 3142 240 3200 modum
255 3138 387 3212 docebo)
407 3157 424 3194 a
438 3148 540 3194 natura
554 3139 768 3197 conformatum
783 3152 927 3216 putarem.

74 3227 108 3333 {J
158 3242 195 3296 At
210 3239 287 3295 enim
302 3236 413 3310 quaerit
433 3233 511 3309 apud
531 3236 759 3310 Xenophontem
780 3239 923 3313 Socrates,
939 3245 1022 3305 unde
1042 3251 1198 3308 animumsv

116 3337 327 3411 arripuerimus,
343 3334 366 3390 si
388 3332 482 3389 nullus
504 3332 588 3389 suerit
610 3333 639 3389 in
661 3333 783 3392 mundo.
827 3337 865 3393 Et
884 3357 940 3413 ego
955 3360 1078 3418 quaem,
1093 3345 1166 3404 unde

116 3434 287 3501 orationem,
307 3430 387 3487 unde
408 3447 554 3499 numeros,
574 3429 653 3486 unde
672 3440 774 3488 cantus
785 3452 794 3504 ;
816 3433 871 3490 nisi
885 3454 957 3494 vero
977 3438 1059 3516 loqui
1080 3443 1166 3501 solem

115 3552 184 3590 cum
199 3531 267 3587 luna
288 3538 431 3603 putamus,
447 3545 515 3581 cum
533 3526 651 3599 propius
671 3529 836 3598 accesserit,
853 3540 903 3588 aut
922 3533 962 3590 ad
988 3535 1166 3597 harmoniam

116 3646 221 3689 canere
245 3624 396 3693 mundum,
418 3634 449 3679 ut
472 3621 647 3701 Pythagoras
669 3625 822 3682 existimat.
866 3628 998 3690 Naturae
1019 3635 1165 3708 istasunt,

115 3731 214 3796 Balb,
237 3734 355 3781 naturae
376 3739 437 3776 non
457 3718 611 3776 artificiose
633 3720 815 3793 ambulantis,
837 3733 870 3782 ut
891 3725 931 3783 ait
952 3728 1047 3804 Zeno,
1073 3729 1197 3811 (quoda
