2504 4170
350 304 415 353 LIB.
433 305 469 354 11.
502 305 563 355 CAP.
574 306 768 357 XXII-XXIV.
802 309 832 373 ξς
845 308 935 374 58-62.
1132 309 1178 377 97

112 454 166 515 bus
180 457 293 514 nostris
306 459 477 516 constitutae
488 459 714 535 nominataeque
725 471 800 519 sunt.
843 463 990 537 Quicquid
1003 463 1081 520 enim
1096 483 1176 540 mag-

112 573 181 611 nam
195 555 355 612 utilitatem
375 557 474 630 generi
488 556 614 614 adferret
628 557 765 629 human0,
783 558 812 616 id
828 577 887 616 non
903 560 965 617 sine
980 559 1078 617 divina
1092 562 1174 618 boni·

113 660 171 708 tate
187 670 260 726 erga
275 652 409 710 homines
421 652 482 711 lieri
494 654 713 712 arbitrabantur.
744 657 847 730 Itaque
859 668 920 713 tum
935 657 1013 727 illud,
1024 658 1103 732 quod
1116 668 1177 716 erat

113 748 204 806 adeo
221 757 334 818 natum,
347 750 465 806 nomine
480 751 568 824 ipsius
583 751 631 808 dei
647 753 864 827 nuncupabant,
881 763 912 810 ut
926 773 994 810 cum
1009 755 1103 829 sruges
1118 756 1175 814 Ce-

82 865 94 904 ⁵
113 863 207 903 rerem
223 845 415 920 appellamus,
426 847 526 905 vinum
540 859 638 905 autem
654 849 799 920 Liberum,
815 868 852 906 ex
867 868 927 924 quo
942 851 1013 909 illud
1027 853 1174 910 Terentii:

259 993 346 1052 Sine
374 993 508 1053 Cerere
536 1005 570 1052 et
599 995 733 1052 Libero
761 997 871 1072 friget
897 998 1033 1070 Venus,

114 1151 176 1200 tum
190 1152 292 1199 autem
305 1159 352 1198 res
366 1141 436 1216 ipsa,
451 1141 481 1198 in
496 1159 554 1216 qua
567 1142 608 1199 vis
629 1142 706 1200 inest
725 1143 817 1201 maior
830 1144 934 1218 aliqua,
949 1145 991 1202 sic
1006 1146 1174 1220 appellatur,
1188 1163 1213 1204 ai

113 1249 146 1297 ut
159 1258 197 1297 ea
210 1240 277 1314 ipsa
290 1239 457 1297 nominetur
471 1238 552 1309 deus,
568 1249 599 1296 ut
615 1238 712 1310 Fides,
727 1250 759 1297 ut
781 1243 876 1311 Mens,
892 1260 964 1316 quas
986 1243 1015 1298 in
1030 1244 1176 1317 Capitolio

114 1336 269 1394 dedicatas
287 1335 419 1393 videmus
440 1337 571 1411 proxime
593 1355 611 1394 a
633 1338 675 1394 M.
692 1339 816 1395 Aemilio
839 1340 966 1409 Scauro;
988 1349 1055 1396 ante
1079 1352 1176 1398 autem

77 1457 103 1486 10
115 1434 153 1492 ab
176 1435 216 1492 A.
242 1433 332 1490 Atilio
358 1433 491 1491 Calatino
519 1443 580 1491 erat
608 1434 696 1492 Fides
725 1447 904 1494 consecrata.
945 1436 1036 1493 Vides
1058 1438 1176 1495 Virtutis

115 1531 268 1605 templum,
283 1527 366 1587 vides
382 1531 512 1588 Honoris
530 1549 547 1587 a
562 1533 605 1588 M.
621 1532 762 1589 Marcello
783 1544 962 1603 renovatum,
979 1533 1059 1608 quod
1080 1535 1176 1592 multis

114 1638 183 1685 ante
204 1628 290 1685 annis
308 1636 370 1684 erat
383 1628 460 1685 bello
477 1628 624 1703 Ligustico
639 1648 658 1686 a
672 1629 710 1703 Q.
727 1631 858 1687 Maximo
873 1630 1052 1688 dedicatum.
1095 1631 1176 1705 Quid

115 1726 213 1801 Opis?
244 1723 316 1799 quid
345 1725 469 1782 Salutis?
499 1725 568 1800 quid
598 1726 794 1797 Concordiae,
824 1728 986 1797 Libertatis,
1009 1730 1178 1787 Victoria‘e‘?

115 1841 239 1898 quarum
255 1823 387 1879 omnium
401 1840 496 1880 rerum
511 1823 578 1897 quia
590 1824 633 1880 vis
648 1833 709 1881 erat
723 1833 811 1895 tanta,
827 1835 858 1882 ut
876 1826 938 1882 sine
953 1825 1012 1883 deo
1033 1827 1093 1900 regi
1115 1845 1176 1884 non

78 1949 102 1987 15
115 1929 225 1996 posset,
241 1920 305 1994 ipsa
326 1939 371 1977 res
386 1919 509 1978 deorum
531 1939 640 1979 nornen
663 1923 796 1981 obtinuit.
840 1923 908 1997 Quo
930 1941 966 1980 ex
987 1942 1094 1998 genere
1118 1925 1176 1982 Cu-

115 2017 225 2094 pidinis
240 2028 270 2074 et
284 2017 448 2092 Voluptatis
463 2028 493 2074 et
508 2019 689 2076 Lubentinae
704 2021 826 2078 Veneris
842 2021 985 2078 vocabula
1007 2030 1178 2078 consecrata

115 2124 193 2186 sunt,
214 2115 383 2172 vitiosarum
407 2132 503 2172 rerum
525 2133 621 2190 neque
644 2117 815 2174 naturalium
825 2139 834 2189 3
860 2136 1036 2192 quamquam
1051 2118 1177 2175 Velleius

116 2213 200 2271 aliter
222 2212 367 2269 existimat
376 2232 385 2284 ;
407 2211 461 2269 sed
484 2222 582 2270 tamen
601 2230 637 2269 ea
658 2214 721 2288 ipsa
737 2215 805 2271 vitia
829 2224 960 2271 naturam
977 2215 1178 2272 vehementius

115 2327 205 2384 saepe
221 2310 346 2384 pulsant.
388 2309 553 2368 Utilitatum
567 2310 652 2384 igitur
668 2312 867 2385 magnitudine
890 2312 1038 2369 constituti
1061 2323 1128 2369 sunt
1151 2313 1178 2369 ei
1190 2325 1215 2364 oa

76 2435 103 2463 ω
116 2406 157 2477 di,
173 2407 223 2481 qui
238 2407 374 2465 utilitates
388 2424 518 2481 quasque
533 2407 699 2481 gignebant.
742 2410 838 2483 Atque
853 2409 897 2465 his
911 2407 1031 2483 quidem
1053 2411 1177 2467 nomini-

114 2505 181 2575 bus,
196 2523 270 2580 quae
293 2503 381 2579 paulo
402 2513 470 2563 ante
492 2504 571 2561 dicta
591 2515 666 2576 sunt,
682 2524 757 2580 quae
772 2506 820 2563 .vis
843 2507 879 2562 sit
902 2505 930 2562 in
945 2524 1064 2580 quoque
1079 2506 1177 2564 decla·

115 2611 195 2659 ratur
215 2601 283 2659 deo,

158 2699 293 2773 Suscepit
317 2707 415 2755 autem
435 2699 495 2755 vita
516 2697 667 2756 hominum
690 2699 932 2773 consuetudoque
955 2701 1129 2770 communis,
1144 2710 1175 2756 ut
1183 2708 1221 2762 ‘24

114 2796 268 2855 beneficiis
283 2796 452 2853 excellentis
467 2797 542 2852 viros
558 2797 586 2852 in
602 2797 716 2853 caelum
731 2797 807 2853 fama
821 2816 857 2853 ac
871 2797 1018 2854 voluntate
1034 2798 1177 2855 tollerent.

75 2917 100 2954 25
117 2893 200 2950 Hinc
224 2892 379 2962 Hercules,
400 2892 468 2948 hinc
491 2893 595 2950 Castor
618 2902 648 2950 et
670 2894 779 2964 Pollux,
800 2894 867 2951 hinc
888 2894 1086 2968 Aesculapius,
1109 2895 1177 2951 hinc

117 2990 207 3048 Liber
221 2991 310 3047 etiam
329 2989 422 3064 (hunc
437 2989 506 3046 dico
523 2991 659 3048 Liberum
674 2992 789 3049 Semela
802 3002 911 3061 natum,
924 3009 984 3047 non
1000 3009 1077 3061 eum,
1090 3010 1178 3066 quem

114 3088 206 3145 nostri
221 3087 346 3144 maiores
368 3096 488 3160 auguste
510 3096 669 3162 sancteque
688 3087 859 3166 [Liberum]
879 3107 946 3144 cum
961 3088 1069 3146 Cerere
1085 3098 1114 3145 et
1131 3089 1177 3145 Li-

114 3185 186 3244 bera
200 3193 454 3254 consecraverunt,
469 3183 551 3258 quod
565 3184 649 3258 quale
665 3186 709 3256 sit,
721 3204 758 3242 ex
773 3185 913 3260 mysteriis
928 3185 1056 3259 intellegi
1070 3196 1177 3259 potest.

115 3281 176 3341 Sed
198 3280 280 3357 quod
303 3299 340 3338 ex
362 3281 447 3339 nobis
470 3290 555 3338 natos
577 3281 716 3340 ‘liberos’
739 3284 927 3357 appellamus,
944 3281 1055 3339 idcirco
1071 3283 1177 3340 Cerere

75 3411 102 3451 30
115 3380 177 3437 nati
191 3378 335 3437 nominati
349 3387 416 3435 sunt
431 3379 518 3435 Liber
540 3389 569 3436 et
593 3379 706 3449 Libera,
722 3379 803 3454 quod
826 3381 856 3438 in
880 3380 985 3437 Libera
1008 3390 1132 3449 servant,
1148 3379 1178 3437 in

115 3481 222 3538 Libero
241 3498 303 3538 non
326 3479 425 3553 item),
444 3479 512 3536 hinc
532 3480 619 3536 etiam
638 3481 788 3551 Romulus,
805 3499 893 3555 quem
908 3480 1028 3555 quidem
1049 3481 1178 3537 eundem

114 3596 180 3636 esse
203 3578 359 3653 Quirinum
380 3587 484 3652 putant
495 3598 503 3649 3
529 3596 652 3652 quorum
676 3597 744 3635 cum
769 3588 953 3635 remanerent
977 3578 1065 3634 animi
1090 3588 1178 3652 atque

113 3676 287 3734 aeternitate
307 3675 477 3747 fruerentur,
493 3674 545 3732 rite
560 3673 591 3731 di
612 3684 679 3732 sunt
700 3674 799 3746 habiti,
814 3693 883 3733 cum
904 3684 932 3731 et
955 3674 1059 3748 optimi
1082 3683 1179 3733 essent

115 3782 146 3833 et
160 3772 281 3833 aeterni.
