2504 4170
103 202 146 283 36
431 217 646 266 ursarum
669 216 828 265 oroncii.

69 384 90 425 u
102 372 178 448 phos
192 380 223 437 et
236 388 290 445 pro
305 371 441 430 omnihus
461 371 570 429 dicere.
613 370 704 430 Cuius
725 370 766 427 rei
782 379 880 427 tantae
894 378 1016 445 tamque
1030 368 1160 428 difficilis

103 469 271 527 facultatem
293 479 485 526 consecutum
511 486 574 525 esse
603 486 651 525 me
679 486 739 524 non
763 468 911 542 profiteor,
933 477 1070 524 secutum
1093 485 1159 524 esse

102 584 172 641 prae
195 583 243 622 me
269 564 338 624 iero.
383 566 448 621 Nec
476 575 575 622 tamen
603 565 664 621 fieri
692 574 798 638 potest,
822 573 863 633 ut,
889 563 939 637 qui
964 563 1020 619 hac
1044 564 1159 620 ratione

102 663 353 738 philosophentur,
374 663 393 718 ii
415 661 486 718 nihil
506 663 642 732 habeant,
657 660 739 736 quod
760 670 926 735 sequantur.
968 661 1092 716 Dictum
1114 670 1160 717 est

103 761 224 818 omnino
247 758 285 816 de
313 759 368 816 hac
396 777 427 815 re
455 759 511 816 alio
540 759 606 817 loco
627 758 802 833 diligentius
824 757 887 827 sed,
909 757 978 831 quia
1001 757 1089 813 nimis
1115 756 1189 813 in·s

103 856 215 915 dociles
242 856 361 931 quidam
390 856 523 929 tardique
555 866 631 926 sunt,
659 853 840 912 admonendi
868 853 1003 911 videntur
1030 854 1158 928 saepius

104 955 174 1012 Non
194 954 272 1011 enim
294 972 394 1011 sumus
415 953 443 1023 ii,
466 953 571 1026 quibus
596 953 667 1010 nihil
687 971 789 1009 verum
812 969 875 1009 esse
896 951 1038 1021 videatur,
1056 950 1112 1008 sed
1129 952 1158 1022 ii,

102 1051 153 1126 qui
174 1051 310 1108 omnibus
324 1051 398 1107 veris
419 1051 489 1106 salsa
510 1050 657 1125 quaedam
678 1049 817 1106 adiuncta
838 1067 901 1105 esse
922 1047 1055 1105 dicamus
1077 1058 1160 1105 tanta

103 1147 300 1217 similitudine,
315 1157 347 1204 ut
361 1147 391 1203 in
406 1148 439 1227 iis
460 1149 538 1204 nulla
559 1148 626 1204 insit
647 1158 726 1204 certa
747 1145 896 1204 iudicandi
918 1155 947 1202 et
970 1143 1160 1202 adsentiendi

103 1256 182 1303 nota
226 1246 271 1302 Ex
288 1262 348 1318 quo
365 1245 473 1301 exstitit
494 1244 574 1316 illud,
589 1244 679 1302 multa
693 1261 756 1302 esse
772 1243 941 1318 probabilia,
956 1260 1032 1316 quae
1054 1261 1195 1317 quam-10

104 1360 193 1418 quam
206 1361 266 1399 non
287 1343 514 1417 perciperentur,
529 1353 637 1414 tamen,
653 1343 722 1417 quia
735 1342 828 1398 visum
851 1339 1000 1416 quendam
1015 1340 1161 1397 haberent

104 1440 246 1514 insignem
261 1449 290 1496 et
305 1439 462 1510 inlustrem,
479 1440 512 1496 iis
526 1441 664 1514 sapientis
679 1440 738 1496 vita
751 1448 907 1514 regeretur.

69 1518 91 1626 g
146 1535 204 1594 Sed
219 1537 286 1606 iam,
301 1546 333 1594 ut
353 1536 434 1594 omni
455 1555 503 1594 rne
525 1537 634 1594 invidia
653 1536 783 1605 liberem,
798 1554 908 1611 ponam
929 1536 959 1593 in
976 1534 1076 1593 medio
1091 1555 1159 1593 sen-

104 1634 207 1691 tentias
228 1633 471 1708 philosophorum
492 1633 531 1692 de
555 1646 657 1691 natura
681 1634 814 1692 deorum.
857 1634 925 1706 Quo
947 1633 1069 1706 quidem
1091 1634 1160 1690 loco

104 1730 288 1788 convocandi
302 1750 407 1788 omnes
421 1730 564 1802 videntur,
580 1732 639 1806 qui,
654 1749 730 1805 quae
751 1732 788 1787 sit
809 1749 909 1787 earum
922 1748 998 1799 vera,
1014 1730 1158 1788 iudicent.
1174 1750 1197 1787 ι5

103 1835 181 1892 Tum
202 1834 322 1892 demum
344 1835 414 1892 mihi
435 1852 546 1908 procax
566 1834 729 1892 Academia
745 1832 898 1904 videbitur,
917 1834 939 1890 si
960 1843 1009 1890 aut
1031 1852 1158 1892 consen·

104 1931 192 1988 serint
216 1950 330 2002 omnes,
356 1941 405 1988 aut
430 1932 483 1988 erit
508 1932 642 1989 inventus
669 1932 780 2005 aliquis,
807 1932 866 2004 qui,
892 1928 963 2004 quid
985 1948 1087 1986 verum
1112 1932 1159 2003 sit,

104 2027 255 2086 invenerit.
298 2031 402 2102 ltaque
418 2028 490 2084 mihi
503 2027 574 2085 libet
589 2028 761 2099 exclamare,
777 2036 809 2084 ut
823 2027 907 2084 estin
921 2026 1123 2101 Synephebis:

183 2195 251 2253 Pro
275 2195 396 2268 deum,
418 2195 653 2270 populerium
678 2195 850 2262 omnium,
874 2194 1003 2250 a'mm'um
1028 2192 1158 2252 adule-

747 2290 928 2346 scentium
1175 2314 1201 2341 ω

187 2386 328 2459 Clamo,
350 2385 516 2462 postule,
538 2387 710 2457 ohsecro,
732 2403 810 2455 oro,
832 2385 937 2460 ploro
965 2393 1077 2457 atque
1106 2384 1160 2442 in·

748 2481 851 2557 ploro
873 2480 999 2552 sidem,

106 2666 167 2705 non
181 2647 336 2706 levissuma
350 2646 388 2705 de
405 2665 445 2717 re,
461 2656 493 2703 ut
509 2648 639 2720 queritur
652 2646 698 2703 ille
713 2646 765 2702 ‘in
787 2644 942 2702 civitate
964 2644 1049 2701 sieri
1070 2645 1159 2705 faci-

106 2762 195 2802 nora
216 2745 430 2819 capitalia’:

188 2907 230 2965 ab
255 2906 373 2966 amico
397 2917 539 2965 amante
568 2916 758 2982 argentum
783 2907 956 2983 accipere
981 2910 1198 2976 meretrix25

749 3023 821 3061 non
842 3004 927 3076 vult,

69 3185 159 3244 used
183 3194 215 3243 ut
240 3185 345 3254 adsint,
371 3195 561 3260 cognoscant,
587 3183 825 3257 animadvertant,
849 3185 920 3258 quid
945 3184 983 3243 de
1007 3186 1157 3260 religione,

106 3282 224 3358 pietate,
240 3283 400 3354 sanctitate,
416 3282 609 3351 caerimoniis,
625 3282 693 3353 fide,
708 3282 769 3340 iure
787 3281 920 3352 iurando,
936 3282 1008 3356 quid
1026 3282 1063 3339 de
1083 3293 1158 3341 tem-

106 3380 170 3456 plis,
190 3379 317 3438 delubris
334 3380 539 3453 sacrificiisque
559 3379 756 3448 sollemnibus
777 3376 849 3452 quid
866 3377 904 3435 de
924 3379 992 3453 ipsis
1010 3381 1158 3453 auspiciis,

107 3479 212 3553 quibus
234 3496 287 3535 nos
306 3496 485 3552 praesumus,
501 3475 725 3533 existimandum
743 3477 797 3546 sit,
820 3474 893 3531 haec
912 3476 991 3532 enim
1006 3478 1105 3533 omnia
1119 3480 1158 3536 ad
1175 3516 1200 3551 ³0

107 3575 184 3633 hanc
205 3574 243 3633 de
265 3573 309 3632 dis
348 3573 546 3631 inmortalibus
571 3572 774 3646 quaestionem
795 3570 948 3629 referenda
969 3583 1044 3630 sunt.
1089 3575 1158 3632 Pro-

107 3672 186 3731 iecto
205 3689 257 3729 eos
282 3671 369 3745 ipsos,
385 3670 436 3744 qui
458 3687 488 3726 se
512 3667 622 3743 aliquid
646 3665 718 3725 certi
738 3665 846 3725 habere
869 3667 1048 3740 arbitrantur,
1063 3669 1159 3729 addu-
