2504 4170
357 306 883 377 mmmmmumc
1085 303 1214 380 ω’

79 458 205 535 quidem
220 459 312 535 quale
327 460 372 532 sit,
388 462 445 520 iam
458 461 638 540 videbimus)
657 463 712 522 sed
725 464 825 522 omnia
839 465 942 523 cientis
961 473 991 523 et
1009 466 1144 542 agitantis

79 557 211 615 motibus
235 567 267 615 et
289 558 497 617 mutationibus
519 561 587 618 suis.
631 562 735 635 Itaque
750 561 797 619 illa
811 562 882 618 mihi
897 563 1032 637 placebat
1050 565 1142 622 oratio
1155 578 1182 618 aa

80 652 118 712 de
140 655 356 713 convenientia
377 674 580 731 consensuque
602 668 730 727 naturae,
753 677 841 733 quam
863 660 945 733 quasi
967 662 1142 735 cognatione

80 752 257 810 continuata
286 753 453 828 conspirare
482 754 611 812 dicebas.
669 755 746 813 Illud
774 775 835 813 non
863 756 1032 831 probabam,
1061 758 1142 832 quod

58 866 61 901 t
80 849 212 924 negabas
227 848 260 906 id
275 849 412 907 accidere
427 851 565 925 potuisse,
580 852 634 909 nisi
650 870 686 909 ea
700 871 760 910 uno
775 852 874 910 divino
893 854 994 928 spiritu
1010 856 1140 912 contine-

79 955 190 1004 rentur.
236 947 291 1003 Illa
304 965 374 1004 vero
396 947 553 1005 cohaerent
574 958 604 1005 et
624 959 797 1023 permanent
818 960 937 1007 naturae
951 951 1066 1023 viribus,
1080 971 1142 1010 non

81 1042 218 1116 deorum,
242 1053 346 1119 estque
367 1044 398 1102 in
419 1062 455 1103 ea
478 1046 531 1103 iste
556 1046 639 1120 quasi
664 1064 833 1118 consensus,
855 1067 943 1122 quarn
968 1048 1142 1122 συμπάθειαν

81 1141 191 1199 Graeci
212 1150 343 1214 vocant3
371 1142 425 1200 sed
446 1161 489 1214 ea,
512 1161 572 1217 quo
593 1162 646 1200 sua
666 1153 772 1217 sponte
793 1144 885 1201 maior
910 1153 963 1215 est,
986 1162 1023 1202 eo
1044 1145 1140 1203 minus

81 1235 184 1295 divina
196 1237 311 1296 ratione
326 1237 389 1296 fieri
403 1238 598 1297 existimanda
611 1249 664 1298 est.
790 1304 794 1314 Ι

58 1354 69 1382 ³
123 1334 179 1392 Illa
193 1344 304 1407 autem,
319 1353 394 1410 quae
410 1335 579 1395 Carneades
597 1336 758 1408 adferebat,
773 1355 862 1412 quem
881 1335 920 1394 ad
938 1337 1062 1395 modum
1081 1316 1185 1422 dis-12}

80 1431 215 1489 solvitis?
242 1432 266 1489 si
291 1431 403 1490 nullum
428 1451 533 1508 corpus
559 1433 710 1491 inmortale
734 1434 779 1505 sit,
805 1434 916 1491 nullum
941 1453 1005 1492 esse
1033 1453 1140 1510 corpus

81 1528 297 1603 sempiternum
304 1549 313 1601 ;
335 1546 441 1604 corpus
456 1539 554 1588 autem
574 1530 728 1587 inmortale
749 1531 860 1588 nullum
881 1549 955 1602 esse,
976 1549 1014 1588 ne
1035 1531 1138 1589 indivi-

81 1623 178 1683 duum
191 1624 325 1700 quidem,
339 1644 397 1683 nec
411 1626 493 1700 quod
507 1625 603 1683 dirimi
618 1626 774 1685 distrahive
788 1646 849 1685 non
863 1628 964 1702 possit.
1004 1629 1139 1703 Cumque

80 1739 174 1780 omne
188 1722 299 1779 animal
312 1722 463 1797 patibilem
478 1732 611 1781 naturam
626 1724 742 1795 habeat,
753 1724 864 1781 nullum
876 1735 919 1781 est
934 1743 1046 1796 eorum,
1058 1725 1140 1800 quod

59 1818 203 1894 seffugiat
224 1819 391 1894 accipiendi
412 1818 521 1895 aliquid
542 1820 730 1891 extrinsecus,
752 1819 782 1877 id
805 1830 849 1878 est
870 1821 952 1894 quasi
976 1821 1089 1878 serendi
1110 1831 1140 1879 et

81 1915 226 1993 patiendi,
247 1917 463 1988 necessitatem,
486 1927 524 1989 et,
546 1917 570 1974 si
591 1936 680 1975 omne
702 1917 809 1974 animal
833 1918 889 1974 tale
911 1927 964 1988 est,
985 1917 1138 1976 inmortale

80 2013 196 2071 nullum
210 2022 263 2072 est.
308 2015 386 2088 Ergo
400 2013 512 2086 itidem,
528 2014 551 2071 si
568 2032 657 2071 omne
677 2015 784 2071 animal
803 2014 894 2071 secari
916 2032 951 2070 ac
973 2013 1064 2071 dividi
1084 2033 1137 2089 po-

80 2119 149 2182 test,
174 2111 287 2168 nullum
312 2120 356 2168 est
380 2129 482 2168 eorum
506 2110 699 2182 individuum,
722 2111 833 2168 nullum
859 2121 1009 2168 aeternum
1021 2131 1029 2183 ;
1058 2112 1139 2187 atqui

80 2225 173 2266 omne
188 2207 298 2264 animal
312 2206 351 2265 ad
365 2207 570 2282 accipiendam
584 2207 643 2264 vim
663 2217 811 2265 externam
831 2218 861 2266 et
882 2207 1035 2265 ferundam
1054 2226 1136 2283 para-

59 2311 146 2361 >tum
160 2313 224 2376 est;
246 2303 368 2361 mortale
383 2304 468 2378 igitur
482 2321 571 2362 omne
586 2304 693 2361 animal
707 2313 736 2361 et
751 2304 918 2361 dissolubile
937 2314 966 2361 et
985 2303 1137 2362 dividuum

80 2401 119 2459 sit
143 2418 267 2458 necesse
292 2408 346 2458 est.
387 2401 430 2459 Ut
450 2401 538 2471 enim,
562 2400 586 2457 si
608 2400 702 2457 omnis
724 2418 793 2457 cera
813 2400 1028 2458 commutabilis
1051 2411 1177 2473 essetne

80 2496 155 2554 nihil
181 2505 259 2555 esset
287 2513 415 2568 cereum,
440 2496 521 2571 quod
549 2497 722 2554 commutari
750 2515 811 2553 non
835 2506 943 2571 posset,
969 2497 1039 2553 item
1064 2496 1136 2554 nihil

80 2603 267 2669 argenteum,
283 2592 355 2650 nihil
374 2596 507 2665 aeneum,
525 2593 549 2651 si
570 2593 785 2651 commutabilis
806 2604 883 2651 esset
903 2603 1005 2650 natura
1026 2594 1137 2668 argenti

81 2699 112 2748 et
125 2689 219 2748 aeris:
241 2688 373 2747 similiter
386 2689 479 2764 igitur,
494 2689 518 2746 si
533 2689 632 2747 omnia
650 2686 742 2766 [quae
757 2687 853 2767 sunt],
869 2708 885 2746 e
905 2690 1010 2764 quibus
1030 2701 1137 2748 cuncta

60 2795 228 2857 sconstant,
243 2786 394 2843 mutabilia
410 2795 486 2856 sunt,
501 2785 612 2843 nullum
630 2804 736 2861 corpus
758 2804 822 2843 esse
842 2795 940 2860 potest
961 2805 1022 2844 non
1042 2797 1135 2844 muta·

80 2882 139 2941 bile
150 2903 159 2954 3
185 2881 337 2940 mutabilia
356 2891 454 2940 autem
476 2890 543 2939 sunt
563 2882 619 2953 illa,
634 2900 671 2939 ex
691 2882 796 2957 quibus
818 2883 917 2939 omnia
939 2893 1082 2955 constant,
1104 2894 1137 2942 ut

80 2979 164 3037 vobis
186 2977 321 3050 videtur;
346 2996 433 3037 omne
457 2979 541 3053 igitur
563 2996 669 3053 corpus
692 2979 830 3036 mutabile
853 2988 906 3037 est.
948 2982 987 3037 At
1011 2980 1034 3037 si
1059 2990 1136 3038 esset

81 3093 190 3150 corpus
211 3073 332 3149 aliquod
354 3074 514 3146 inmortale,
530 3093 591 3132 non
612 3084 688 3133 esset
708 3094 795 3134 omne
811 3075 968 3148 mutabile3
990 3076 1030 3133 ita
1045 3077 1134 3133 effici·

79 3181 135 3244 tur,
149 3182 183 3230 ut
196 3190 286 3230 omne
301 3189 407 3246 corpus
421 3172 541 3229 mortale
556 3172 601 3229 sit.
639 3173 756 3229 Etenim
771 3191 859 3229 omne
874 3191 980 3246 corpus
994 3183 1044 3230 aut
1058 3190 1134 3247 aqua

60 3278 130 3327 >aut
143 3269 194 3327 aer
207 3277 258 3326 aut
272 3268 346 3343 ignis
361 3276 410 3325 aut
424 3278 499 3325 terra
513 3277 557 3325 est
572 3278 620 3325 aut
635 3268 674 3338 id,
690 3267 770 3343 quod
786 3279 830 3325 est
847 3278 1018 3325 concretum
1034 3287 1070 3326 ex
1089 3269 1133 3326 his

79 3375 130 3424 aut
151 3384 188 3423 ex
208 3365 307 3440 aliqua
327 3374 408 3439 parte
422 3383 542 3433 eorum3
565 3363 668 3422 horum
683 3376 781 3422 autem
802 3364 873 3420 nihil
894 3375 945 3435 est,
969 3365 1039 3437 quin
1059 3367 1132 3423 inte·

77 3472 149 3522 reat.
193 3464 273 3521 Nam
288 3470 318 3519 et
331 3470 477 3519 terrenum
491 3479 579 3518 omne
594 3462 740 3532 dividitur,
756 3469 785 3518 et
802 3479 887 3518 umor
905 3461 945 3517 ita
963 3461 1057 3518 mollis
1079 3473 1131 3532 est,
1144 3478 1170 3520 ³1

77 3569 111 3618 ut
125 3559 210 3617 facile
224 3557 321 3634 premi
335 3557 502 3632 conlidique
516 3558 627 3631 possit;
648 3558 722 3633 ignis
736 3575 805 3614 vero
826 3565 854 3613 et
875 3555 925 3613 aer
945 3557 1026 3613 omni
1047 3557 1132 3630 pulsu

77 3655 215 3715 facillime
230 3653 347 3730 pellitur
359 3664 517 3728 naturaque
538 3651 648 3710 cedens
668 3664 712 3711 est
730 3670 866 3711 maxume
888 3660 917 3709 et
938 3652 1130 3726 dissupabilis.

61 3753 293 3828 sPraetereaque
312 3750 412 3809 omnia
429 3749 503 3808 haec
521 3758 585 3807 tum
603 3749 757 3822 intereunt,
772 3766 841 3807 curn
854 3748 885 3806 in
898 3757 1031 3806 naturam
1046 3748 1131 3806 aliam
