2504 4170
130 257 191 337 164
455 271 503 320 nn
524 272 670 323 nnn-uas
690 272 849 324 osonum.

125 427 225 484 fanum
239 425 366 483 referret.
410 426 455 482 Ita
475 424 514 482 ad
536 425 716 501 impietatem
731 427 761 484 in
775 425 848 485 deos
870 427 901 485 in
923 426 1061 487 homines
1080 427 1163 487 adiun-

81 530 119 585 85
127 524 167 580 xit
182 524 324 580 iniuriam.
367 524 458 579 Hunc
473 523 558 597 igitur
578 541 634 579 nec
650 523 803 598 Olympius
826 524 958 599 Iuppiter
976 525 1095 583 fulmine
1113 543 1163 600 per·

125 621 213 677 cussit
227 639 283 676 nec
299 619 488 693 Aesculapius
510 620 615 676 misero
637 619 832 694 diuturnoque
854 622 961 679 morbo
981 623 1163 680 tabescentem

124 719 277 787 interemit,
293 728 380 791 atque
403 717 431 773 in
449 734 502 773 suo
524 717 631 774 lectulo
652 727 782 774 mortuus
804 718 834 775 in
858 715 1055 797 [tyrannidis]
1078 737 1163 794 rogum

124 815 228 871 inlatus
248 824 292 871 est
311 831 436 886 eamque
456 822 641 887 potestatem,
657 831 745 887 quam
761 814 822 888 ipse
837 832 891 888 per
904 816 1002 872 scelus
1017 826 1077 873 erat
1090 833 1181 874 nanc-t

123 920 177 980 tus,
203 911 286 985 quasi
310 911 415 969 iustam
442 923 472 967 et
496 910 655 984 legitimam
680 909 848 968 hereditatis
873 911 942 969 loco
968 913 1029 970 filio
1054 911 1160 970 tradidit.

85 1023 111 1063 aa
125 1008 218 1065 Invita
238 1009 268 1065 in
289 1008 347 1065 hoc
368 1008 436 1064 loco
456 1018 585 1064 versatur
605 1008 698 1064 oratio
709 1028 717 1079 ;
739 1006 853 1065 videtur
874 1009 956 1066 enim
977 1010 1161 1067 auctoritatem

123 1103 235 1162 adferre
259 1103 405 1180 peccandi
416 1124 424 1176 ;
452 1113 532 1161 recte
551 1103 705 1176 videretur,
727 1105 783 1162 nisi
807 1115 836 1162 et
854 1105 967 1163 virtutis
992 1116 1023 1163 et
1047 1107 1160 1164 vitiorum

123 1202 185 1259 sine
199 1201 259 1258 ulla
273 1202 371 1259 divina
389 1202 500 1258 ratione
522 1219 608 1276 grave
631 1202 719 1276 ipsius
739 1201 938 1259 conscientiae
961 1202 1078 1278 pondus
1091 1211 1159 1272 esset,

123 1317 181 1373 qua
195 1299 306 1356 sublata
320 1299 417 1355 iacent
431 1298 539 1355 omnia.
583 1299 623 1357 Ut
640 1299 719 1356 enim
736 1316 793 1355 nec
808 1297 915 1356 domus
930 1317 988 1357 nee
1003 1319 1048 1358 res
1063 1299 1183 1375 publicato

122 1395 234 1452 ratione
254 1395 383 1469 quadam
405 1404 434 1451 et
453 1393 608 1469 disciplina
629 1395 788 1469 dissignata
807 1394 951 1468 videatur,
967 1397 992 1455 si
1013 1397 1044 1455 in
1064 1416 1098 1455 ea
1115 1413 1158 1454 nec

122 1501 201 1548 recte
230 1493 312 1550 factis
340 1491 470 1566 praemia
498 1501 597 1549 extent
626 1492 682 1548 ulla
709 1510 767 1549 nec
794 1492 938 1567 supplicia
966 1495 1103 1569 peccatis,
1127 1491 1157 1550 sic

122 1589 225 1647 mundi
244 1589 343 1647 divina
361 1587 406 1666 [in
427 1587 575 1666 homines]
601 1588 765 1647 moderatio
785 1590 917 1664 profecto
936 1592 1019 1650 nulla
1037 1602 1088 1663 est,
1101 1590 1122 1649 si
1135 1589 1157 1647 iu

122 1704 158 1743 ea
172 1686 328 1744 discrimen
344 1686 454 1743 nullum
469 1697 512 1743 est
527 1686 671 1744 bonorum
686 1696 716 1743 et
730 1687 882 1746 malorum.

83 1803 109 1844 aa
162 1786 199 1840 At
220 1784 299 1840 enim
320 1784 433 1839 minora
447 1782 477 1839 di
492 1783 649 1857 neglegunt
669 1801 767 1858 neque
788 1784 896 1858 agellos
917 1784 1096 1860 singulomm
1113 1799 1179 1842 nect

120 1881 250 1938 viticulas
262 1891 476 1955 persequuntur
489 1899 554 1951 nec,
565 1881 588 1937 si
599 1879 692 1938 uredo
707 1890 757 1938 aut
770 1881 882 1956 grando
896 1883 1050 1958 quippiam
1065 1881 1155 1950 nocuit,

120 1977 151 2035 id
164 1978 227 2035 Iovi
241 1977 533 2034 animadvertendum
547 1977 618 2050 suit,
634 1996 672 2034 ne
686 1978 717 2035 in
731 1979 826 2053 regnis
842 1978 964 2054 quidem
978 1999 1062 2056 reges
1076 1977 1155 2039 omnia

120 2075 242 2132 minima
265 2085 387 2147 curant,
416 2074 458 2131 sic
481 2075 559 2131 enim
585 2073 689 2132 dicitis.
733 2075 824 2149 Quasi
849 2094 906 2150 ego
931 2078 1021 2151 paulo
1044 2087 1107 2136 ante
1126 2073 1154 2132 de

119 2171 211 2230 fundo
228 2171 383 2229 Formiano
407 2173 438 2229 P.
461 2171 562 2228 Rutilii
583 2171 637 2228 sim
659 2182 786 2247 questus,
801 2191 862 2230 non
884 2172 922 2231 de
944 2175 1053 2233 amissa
1072 2173 1153 2233 salute.

75 2269 216 2344 86Atque
234 2268 292 2326 hoc
313 2268 434 2343 quidem
456 2286 559 2325 omnes
580 2269 716 2327 mortales
737 2269 779 2326 sic
802 2269 919 2342 habent,
935 2281 1071 2331 externas
1089 2287 1179 2329 con-¹⁰

118 2365 283 2438 moditates,
305 2366 411 2436 vineta,
434 2374 557 2439 segetes,
580 2365 695 2435 oliveta,
718 2366 880 2424 ubertatem
901 2367 1019 2444 frugum
1042 2380 1070 2428 et
1095 2368 1153 2426 fruc·

118 2472 209 2535 tuum,
225 2481 343 2520 omnem
359 2461 487 2537 denique
503 2461 745 2519 commoditatem
760 2464 1044 2541 prosperitatemque
1058 2466 1126 2524 vitae
1141 2478 1154 2517 a

117 2559 162 2617 dis
184 2578 214 2617 se
236 2559 343 2617 habere
355 2579 363 2629 3
385 2559 521 2615 virtutem
542 2568 640 2615 autem
662 2577 751 2617 nemo
773 2578 914 2635 umquam
936 2573 1090 2640 acceptam
1109 2560 1153 2619 deo

79 2668 104 2709 aa
116 2656 232 2714 rettulit.
276 2655 420 2712 Nimirum
435 2665 514 2712 recte
527 2675 535 2727 ;
556 2665 676 2730 propter
688 2656 824 2714 virtutem
839 2657 918 2716 enim
936 2658 999 2717 iure
1020 2659 1154 2718 laudamur

117 2762 147 2810 et
156 2753 187 2809 in
195 2753 298 2810 virtute
310 2762 388 2809 recte
403 2752 578 2826 gloriamur;
593 2752 675 2827 quod
689 2772 750 2811 non
765 2754 958 2829 contingeret,
974 2757 999 2815 si
1012 2757 1045 2816 id
1059 2757 1178 2816 domme

116 2868 134 2906 a
154 2848 222 2920 deo,
237 2867 298 2907 non
319 2867 337 2906 a
357 2849 442 2906 nobis
464 2848 647 2908 haberemus.
690 2852 728 2908 At
748 2869 818 2908 vero
839 2861 890 2909 aut
910 2851 1071 2913 honoribus
1090 2848 1154 2911 aucti

117 2957 166 3003 aut
179 2963 210 3003 re
225 2946 364 3018 familiari,
376 2955 425 3003 aut
439 2947 463 3003 si
477 2945 556 3003 aliud
577 2947 728 3022 quippiam
749 2948 828 3004 nacti
849 2967 949 3006 sumus
970 2950 1079 3009 fortuiti
1097 2943 1155 3008 boni

116 3053 166 3099 aut
180 3042 345 3117 depulimus
369 3044 446 3115 mali,
463 3053 525 3100 tum
548 3042 592 3100 dis
613 3044 718 3118 gratias
739 3044 860 3120 agimus,
876 3054 939 3102 tum
960 3048 1034 3106 nihil
1053 3057 1153 3106 nostrae

115 3139 195 3197 laudi
209 3138 397 3214 adsumptum
413 3138 591 3197 arbitramur.
635 3141 715 3198 Num
730 3141 805 3215 quis,
820 3140 902 3215 quod
916 3141 1014 3212 bonus
1028 3145 1070 3202 vir
1083 3147 1154 3208 esset,
1196 3148 1198 3153 ’

116 3237 219 3311 gratias
235 3236 279 3294 dis
295 3237 353 3312 egit
367 3237 529 3310 umquam?
549 3245 579 3292 at
593 3235 674 3311 quod
696 3237 785 3309 dives,
800 3237 881 3313 quod
903 3238 1072 3313 honoratus,
1086 3232 1180 3315 quoda

116 3333 277 3390 incolumis.
321 3335 483 3407 Iovemque
495 3343 649 3406 optumum
661 3343 690 3391 et
704 3353 875 3393 maxumum
890 3336 930 3394 ob
943 3355 994 3396 eas
1009 3356 1055 3397 res
1068 3331 1154 3412 appel·

115 3429 184 3500 lant,
205 3448 266 3487 non
290 3428 371 3503 quod
395 3446 450 3486 nos
476 3430 575 3500 iustos,
597 3439 784 3504 temperatos,
806 3411 953 3507 sapientes
976 3435 1092 3505 efficiat,
1112 3426 1154 3491 sed

78 3526 196 3600 nequod
219 3526 321 3596 salvos,
345 3524 508 3596 incolumis,
530 3527 695 3600 opulentos
718 3528 865 3603 copiosos.
909 3531 1017 3606 Neque
1047 3523 1155 3590 Herculi

116 3625 269 3698 quisquam
291 3621 448 3678 decumam
469 3623 548 3680 vovit
576 3642 726 3698 umquam,
755 3625 780 3682 si
807 3626 923 3701 sapiens
952 3628 1047 3688 factus
1080 3633 1154 3687 esset

116 3720 305 3794 Quamquam
321 3716 496 3793 Pythagoras
511 3738 580 3779 cum
601 3721 631 3778 in
651 3722 813 3796 geometria
833 3723 977 3799 quiddam
997 3727 1067 3786 novi
1086 3726 1182 3784 invoa
