2504 4170
358 244 424 294 LIB.
435 243 488 295 111.
519 243 580 295 Cae.
591 245 708 296 VIII-X.
741 246 875 310 §519-24
1082 249 1140 314 143

75 415 110 457 eo
123 396 231 457 minus
245 396 291 471 id,
302 396 386 474 quod
399 406 431 457 tu
444 397 497 470 vis,
507 416 629 474 possum
642 407 742 458 mente
757 400 1019 476 comprehendere.
1062 402 1172 460 Nihilo

76 504 119 554 est
139 494 264 554 mundo
286 495 391 554 melius
411 495 442 552 in
461 513 558 553 rerum
578 506 691 555 natura.
733 497 780 554 Ne
795 498 825 554 in
840 498 921 555 terris
936 498 1056 573 quidem
1070 500 1140 558 urbe

76 602 176 651 nostra
188 612 198 665 ;
221 610 297 650 num
317 591 402 667 igitur
420 591 531 651 idcirco
546 593 577 650 in
590 593 661 652 urbe
676 611 740 651 esse
755 594 907 665 rationem,
924 596 1140 669 cogitationem,

79 698 214 747 mentem
239 688 350 765 putas?
369 690 589 774 aut,.quoniam
611 708 673 748 non
696 690 740 761 sit,
762 709 834 747 num
859 690 969 748 idcirco
995 693 1141 751 existimas

59 785 238 848 iformicam
255 785 497 860 anteponendam
518 804 583 844 esse
604 786 672 845 huic
692 787 914 862 pulcherrumae
929 788 1000 860 urbi,
1016 789 1097 863 quod
1111 790 1141 847 in

80 882 150 941 urbe
173 899 280 941 sensus
301 881 340 940 sit
358 881 461 956 nullus,
477 883 508 942 in
526 883 648 942 formica
666 902 727 942 non
747 883 838 942 modo
857 902 968 956 sensus,
983 885 1035 942 sed
1053 886 1140 944 etiam

81 997 175 1051 mens,
190 979 276 1050 rati0‚
291 979 455 1037 memoria?
494 979 604 1038 Videre
623 990 748 1056 oportet,
765 980 865 1052 Balbe,
881 980 953 1055 quid
967 981 1018 1039 tibi
1033 1000 1140 1039 conce·

82 1072 176 1147 datur,
198 1093 262 1133 non
283 1084 315 1133 te
336 1074 439 1151 ipsum,
458 1075 540 1150 quod
559 1077 640 1148 velis,
659 1095 783 1135 sumere.
827 1078 920 1135 Istum
942 1077 1021 1135 enim
1040 1078 1140 1136 locum
1152 1092 1178 1132 aa

81 1180 178 1231 totum
198 1171 248 1229 illa
265 1179 351 1230 vetus
369 1172 495 1231 Zenonis
514 1173 608 1234 brevis
628 1181 666 1245 et,
681 1183 713 1230 ut
726 1173 780 1231 tibi
793 1172 954 1244 videbatur,
969 1184 1056 1232 acuta
1069 1193 1139 1232 con·

59 1268 174 1330 »clusio
185 1268 329 1328 dilatavit.
370 1270 451 1327 Zeno
461 1269 540 1328 enim
552 1269 593 1328 ita
603 1269 772 1328 concludit:
796 1268 904 1343 ‘Quod
918 1271 1029 1327 ratione
1044 1271 1139 1342 utitur,

81 1363 112 1425 id
131 1365 239 1424 melius
260 1374 307 1425 est
328 1383 416 1440 quam
436 1364 477 1438 id,
497 1365 578 1441 quod
598 1367 710 1424 ratione
735 1385 797 1424 non
819 1367 907 1424 utitur
917 1387 925 1438 3
946 1366 1018 1423 nihil
1041 1376 1140 1424 autem

82 1461 195 1521 mundo
216 1462 323 1520 melius
333 1483 343 1535 ;
363 1462 475 1520 ratione
497 1463 582 1537 igitur
601 1462 729 1521 mundus
750 1463 856 1520 utitur)
900 1465 971 1520 Hoc
990 1463 1014 1521 si
1033 1464 1137 1539 placet,
1150 1478 1177 1520 aa

80 1558 138 1619 iam
153 1559 276 1631 efficies,
290 1567 325 1616 ut
338 1558 465 1617 mundus
479 1559 590 1634 optime
604 1560 709 1618 librum
724 1560 820 1635 legere
831 1560 972 1618 videatur.
1012 1561 1138 1618 Zenonis

80 1655 160 1719 enim
176 1654 307 1730 vestigiis
326 1654 383 1712 hoc
402 1654 494 1713 modo
514 1656 659 1714 rationem
679 1656 789 1731 poteris
810 1656 1006 1714 concludere:
1030 1656 1139 1730 ‘Quod

59 1752 238 1814 rlitteratum
260 1761 316 1822 est,
337 1749 368 1808 id
392 1760 436 1809 est
460 1751 572 1824 melius,
594 1770 682 1827 quam
704 1751 785 1827 quod
809 1771 870 1810 non
895 1763 939 1810 est
962 1753 1117 1811 litteratum
1129 1774 1138 1826 ;

78 1848 153 1909 nihil
173 1858 275 1907 autem
296 1846 410 1906 mundo
430 1848 534 1906 mehus
543 1869 552 1921 ;
573 1849 714 1907 litteratus
728 1849 814 1924 igitur
826 1859 871 1907 est
886 1849 1032 1908 mundus)
1076 1852 1138 1908 Isto

79 1945 173 2005 modo
194 1946 287 2003 etiam
309 1943 432 2003 disertus
453 1954 483 2002 et
504 1944 624 2020 quidem
645 1945 878 2017 mathematicus,
899 1947 1036 2018 musicus,
1056 1947 1138 2004 omni

79 2042 210 2118 denique
225 2041 364 2100 doctrina
373 2041 511 2113 eruditus,
521 2051 670 2117 postremo
684 2041 877 2118 philosophus
896 2040 965 2120 [erit
980 2042 1137 2122 mundus].

79 2141 173 2215 Saepe
187 2138 265 2197 dixti
282 2137 355 2196 nihil
372 2138 434 2196 fieri
452 2138 507 2196 nisi
526 2157 564 2195 ex
582 2157 628 2211 e0,
644 2157 701 2197 nec
718 2139 795 2196 illam
809 2139 868 2196 vim
883 2158 946 2197 esse
961 2149 1089 2211 naturae,
1105 2150 1138 2197 ut

59 2236 126 2295 >sui
137 2234 292 2295 dissimilia
305 2243 405 2309 posset
419 2234 555 2310 effingere
566 2256 575 2308 ;
597 2235 763 2294 concedam
776 2254 838 2293 non
852 2235 943 2294 modo
958 2237 1137 2295 animantem

79 2341 111 2392 et
125 2332 295 2408 sapientem
311 2349 375 2388 esse
392 2331 545 2403 mundum,
561 2330 615 2390 sed
635 2332 786 2391 fidicinem
807 2333 895 2391 etiam
916 2342 946 2390 et
966 2333 1136 2404 tubicinem,

79 2429 221 2505 quoniam
246 2445 348 2486 earum
369 2445 486 2503 quoque
514 2428 618 2485 artium
645 2428 780 2487 homines
805 2447 903 2487 exeo
928 2430 1138 2505 procreantur?

79 2525 162 2585 Nihil
181 2525 271 2601 igitur
280 2523 382 2591 ¹adfert
400 2534 484 2600 pater
501 2525 555 2582 iste
575 2526 747 2596 Stoicorum,
763 2543 853 2600 quare
867 2525 1010 2583 mundum
1024 2527 1136 2584 ratione

78 2621 121 2681 uti
140 2631 291 2697 putemus,
308 2638 346 2678 ne
367 2639 419 2678 cur
438 2621 617 2679 animantem
637 2621 759 2696 quidem
780 2641 852 2680 esse.
896 2623 966 2681 Non
987 2633 1032 2680 est
1052 2623 1137 2698 igitur

59 2717 208 2779 amundus
223 2716 309 2789 deus,
322 2726 354 2777 et
372 2726 471 2775 tamen
492 2717 563 2774 nihil
584 2727 628 2776 est
649 2737 686 2776 eo
707 2719 829 2791 melius;
851 2719 922 2776 nihil
941 2729 983 2777 est
1003 2721 1081 2778 enim
1098 2738 1136 2778 eo

78 2813 239 2889 pulchriuS,
254 2812 327 2870 nihil
345 2813 494 2872 salutarius
513 2814 607 2886 nobis,
622 2815 694 2872 nihil
711 2816 838 2873 ornatius
856 2826 977 2891 aspectu
994 2826 1135 2891 motuque

79 2910 273 2969 constantius.
316 2908 430 2984 Quodsi
445 2909 572 2968 mundus
586 2912 735 2969 universus
750 2930 810 2969 non
824 2922 869 2969 est
883 2911 965 2984 deus,
981 2931 1018 2970 ne
1035 2914 1134 2972 stellae

78 3006 212 3083 quidem,
230 3022 304 3081 quas
328 3015 359 3064 tu
383 3007 600 3066 innumerabilis
620 3009 650 3066 in
672 3008 796 3067 deorum
816 3028 939 3066 numero
960 3011 1133 3084 reponebas,

78 3121 204 3179 quarum
218 3112 249 3160 te
264 3120 363 3161 cursus
378 3105 545 3180 aequabiles
558 3106 728 3181 aeternique
743 3105 938 3176 delectabant,
950 3124 1006 3163 nec
1021 3108 1134 3164 meher-

59 3201 144 3259 ›eule
173 3199 299 3272 iniuria3
323 3210 389 3258 snut
417 3202 495 3259 enim
523 3201 684 3260 admirabili
713 3202 932 3278 incredibilique
953 3205 1133 3261 constantia.

78 3296 139 3357 Sed
157 3315 221 3356 non
241 3297 349 3369 omnia,
363 3298 463 3369 Balbe,
479 3316 554 3373 quae
569 3317 669 3356 cursus
684 3309 779 3356 certos
794 3308 823 3357 et
838 3301 996 3357 constantis
1015 3299 1133 3371 habent,
1147 3321 1172 3362 nt

78 3412 115 3453 ea
127 3394 188 3453 deo
210 3393 309 3470 potius
331 3394 484 3453 tribuenda
504 3405 571 3453 sunt
585 3413 672 3470 quam
692 3405 820 3455 naturae.
864 3396 944 3470 Quid
959 3396 1131 3455 Chalcidico
1140 3404 1177 3458 10

79 3492 191 3568 Euripo
212 3491 245 3549 in
263 3499 345 3548 motu
364 3491 526 3550 identidem
546 3491 758 3566 reciprocando
777 3502 862 3566 putas
879 3493 940 3550 fieri
958 3512 1044 3568 posse
1063 3513 1132 3551 con-

79 3589 224 3647 stantius?
245 3585 318 3662 quid
332 3587 406 3647 freto
420 3588 582 3647 Siciliensi?
602 3588 673 3663 quid
685 3588 798 3648 Oceani
813 3589 924 3647 fervore
939 3589 992 3647 illis
1008 3591 1036 3647 in
1052 3591 1132 3656 locis,

59 3720 68 3761 r
142 3703 331 3778 Europam
351 3701 576 3780 Libyamque
597 3720 707 3778 rapax
727 3701 789 3760 ubi
809 3700 943 3760 dividit
964 3702 1080 3760 unda?
