2504 4170
123 280 185 343 114
447 277 498 327 DE
517 277 664 328 NATURA
685 277 848 329 DEORUM·

119 442 219 491 autem
233 433 468 507 Septentrionem
482 432 622 507 Cepheus
642 433 735 507 passis
754 433 860 507 palmis
880 451 900 490 a
919 443 1001 508 tergo
1022 432 1153 508 subsequi·

119 540 185 590 tur:

202 657 367 730 Namque
396 654 513 729 ipsum
540 652 585 712 ad
612 662 753 729 tergum
780 654 992 730 Cynosurae
1020 655 1156 713 vertitur

925 753 1041 811 Arcti.

121 837 213 895 Hunc
234 832 384 892 antecedit
1166 864 1174 906 ς

203 966 369 1025 Obscura
395 964 521 1038 specie
549 962 739 1022 stellarum
767 964 975 1040 Cassiepia.

204 1065 309 1121 Hanc
337 1072 457 1118 autem
484 1060 632 1118 inlustri
656 1071 822 1119 versatur
845 1080 1000 1137 corpore
1024 1071 1157 1138 propter

201 1157 435 1242 Andromeda
469 1158 665 1234 aufugiens
705 1167 896 1233 aspectum
938 1170 1073 1217 maesta
1106 1177 1156 1234 pa-

926 1257 1053 1314 tentis·

201 1355 299 1415 Huic
315 1356 438 1429 Equus
457 1354 520 1413 ille
539 1353 658 1411 iubam
672 1353 844 1427 quatiens
863 1352 1006 1428 fulgore
1023 1351 1180 1411 micantis

202 1455 381 1512 Summum
409 1451 594 1526 contingit
623 1460 732 1525 caput
759 1450 855 1522 alvo,
881 1451 1063 1526 stellaque
1092 1451 1157 1508 iun·

923 1566 1011 1624 gens

201 1649 281 1708 Una
308 1655 410 1705 tenet
438 1645 607 1721 duplices
636 1645 819 1703 communi
847 1645 985 1704 lumine
1013 1647 1137 1705 formas

201 1748 398 1804 Aeternum
423 1762 465 1801 ex
488 1743 598 1799 astris
620 1743 775 1817 cupiens
801 1754 1000 1802 conectere
1025 1744 1157 1804 nodum.

203 1843 294 1901 Exin
324 1841 505 1899 contortis
534 1840 637 1897 Aries
665 1857 745 1898 cum
773 1841 948 1899 cornibus
977 1841 1101 1900 haeret
1114 1862 1122 1914 3
1152 1858 1181 1897 us

120 2011 210 2068 quem
230 2001 351 2068 propter

204 2125 343 2194 Pisces,
367 2140 517 2197 quorum
545 2121 638 2178 alter
665 2120 810 2195 paulum
839 2121 1069 2196 praelabitur
1089 2129 1158 2180 ante

203 2223 247 2280 Et
275 2221 388 2296 magis
416 2219 608 2277 horriferis
636 2218 821 2292 aquilonis
849 2220 1013 2294 tangitur
1039 2219 1141 2278 auris.

76 2343 169 2452 &Ad
189 2369 282 2447 pedes
303 2366 510 2427 Andromedae
533 2368 653 2424 Perseus
675 2365 854 2439 describitur,

202 2519 318 2594 Quem
354 2535 490 2576 summa
527 2516 571 2573 ab
609 2515 761 2590 regione
801 2516 986 2591 aquilonis
1027 2517 1187 2576 flaminea

926 2617 1087 2690 pulsant.

203 2713 314 2773 Cuius
336 2721 487 2788 propter
509 2713 651 2770 laevum
674 2730 787 2787 genus
811 2713 907 2770 omni
931 2731 973 2770 ex
997 2724 1099 2789 parte
1118 2712 1161 2769 lo·

928 2821 1028 2869 catas

204 2909 334 2967 Parvas
361 2906 543 2981 Vergilias
571 2907 673 2965 tenui
701 2926 779 2965 curn
807 2907 889 2966 luce
917 2908 1076 2969 videbis.

204 3004 294 3065 Inde
325 3003 433 3063 Fides
461 3006 583 3081 posita
611 3016 646 3064 et
668 3006 800 3064 leviter
825 3025 990 3064 convexa
1013 3007 1191 3067 videtum

204 3102 295 3163 Inde
324 3112 378 3161 est
406 3103 481 3161 ales
511 3103 595 3162 Avis
623 3104 698 3162 lato
727 3105 791 3163 sub
819 3105 980 3179 tegmine
1009 3106 1116 3164 caeli.

123 3235 220 3312 Capiti
240 3244 339 3294 autem
357 3236 434 3311 Equi
456 3235 588 3312 proxima
608 3245 652 3294 est
673 3235 791 3309 Aquarii
812 3234 916 3293 dextra
935 3244 1072 3312 totusque
1092 3234 1164 3295 dein·

122 3350 193 3409 ceps
214 3333 366 3408 Aquarius.

202 3466 292 3524 Tum
310 3461 472 3540 gelidum
491 3460 614 3520 valido
633 3460 677 3519 de
694 3473 847 3537 pectore
867 3462 980 3538 frigus
998 3464 1167 3522 anhelans

203 3562 367 3637 Corpore
389 3559 562 3618 semifero
584 3577 713 3634 magno
734 3559 983 3634 Capricornus
1006 3561 1040 3618 in
1061 3561 1145 3619 orbe
1157 3573 1197 3629 3³⁰

203 3659 319 3735 Quem
346 3675 426 3715 curn
453 3666 634 3732 perpetuo
661 3657 813 3714 vestivit
839 3657 974 3715 lumine
1001 3658 1124 3730 Titan,

189 3755 366 3839 ¹Brurnuli
392 3753 551 3813 flectens
578 3763 802 3829 contorquet
826 3763 991 3830 tempore
1016 3771 1168 3816 currum.
