2504 4170
263 276 330 326 Lm.
347 276 382 326 11.
415 276 475 326 cri.
489 276 637 325 xnxnn.
671 276 702 338 §s
717 275 835 324 roaros.
1014 278 1069 322 111

49 450 102 490 am
116 429 269 490 insistunt.
312 431 380 505 Quo
395 429 564 506 spectaculo
578 429 650 488 nihil
664 439 761 504 potest
781 429 977 489 admirabilius
999 448 1072 501 esse,
1080 441 1119 482 rui

49 530 84 587 iil
103 528 269 604 pulchrius.
312 529 444 602 Sequitur
458 528 603 586 stellarum
625 527 811 585 inerrantium
832 528 958 585 maxima
978 528 1073 586 multi·

49 625 97 698 dn,
124 643 251 700 quarum
276 625 317 683 ita
338 625 477 700 discripta
497 625 646 683 distinctio
668 634 720 698 est,
738 635 769 683 ut
790 643 827 682 ex
848 635 981 683 notarum
1002 627 1073 700 tigu-

49 743 111 780 rum
140 721 332 781 similitudine
359 723 479 781 nomina
506 722 677 780 invenerint.
720 723 816 797 Atque
845 723 903 780 hoc
931 723 998 780 loco
1026 743 1073 782 me
1081 727 1117 782 41

49 830 152 878 tuens:
175 821 260 891 Utar,
275 819 378 894 inquit,
394 819 569 877 carminibus
591 818 704 890 Aratiis,
727 837 806 893 quae
824 838 842 876 a
862 830 890 877 te
912 819 1074 878 admodum

49 917 241 975 lulescentulo
263 934 406 975 conversa
425 917 465 974 ita
485 933 533 974 me
555 915 711 987 delectant,
732 917 800 991 quia
822 917 926 975 Latina
946 927 1021 988 sunt,
1043 927 1075 975 ut

49 1014 108 1072 ulta
122 1032 160 1071 ex
174 1014 209 1071 iis
223 1014 367 1071 memoria
380 1023 506 1070 teneam.
546 1013 634 1088 Ergo,
646 1023 678 1070 ut
692 1013 784 1071 oculis
798 1013 920 1072 adsidue
932 1012 1073 1085 videmus,

49 1129 79 1170 re
94 1111 154 1169 ulla
167 1111 331 1169 mutatione
347 1121 395 1167 aut
409 1108 547 1167 varietate

98 1226 233 1285 Cetera
254 1224 427 1282 labuntur
447 1224 561 1282 celeri
582 1224 762 1282 caelestia
781 1228 880 1282 motu

98 1323 187 1382 Cum
209 1323 390 1397 caeloque
415 1321 520 1379 simul
544 1331 749 1396 noctesque
774 1320 927 1395 diesque
953 1320 1074 1379 ferun-

825 1427 897 1490 tur,

49 1554 143 1594 iorum
167 1533 418 1608 contemplatione
442 1533 547 1591 nullius
571 1532 680 1608 expleri
704 1541 801 1607 potest
822 1533 935 1590 animus
955 1542 1120 1590 natiuaeruu

49 1633 215 1692 instantiam
229 1630 329 1689 videre
345 1630 498 1706 cupientis.

100 1749 370 1820 Extremusque
391 1744 483 1804 adeo
508 1743 650 1821 duplici
675 1743 718 1803 de
743 1743 893 1802 cardine
915 1754 1042 1803 vertex

100 1845 250 1904 Dicitur
270 1861 350 1901 esse
371 1843 486 1918 polus.

49 1962 113 2019 [unc
129 1960 241 2017 circum
254 1959 362 2014 Arctoe
378 1940 598 2014 duae'feruntur
612 1973 772 2030 numquam
785 1954 967 2015 occidentes.

101 2075 154 2132 Ex
177 2073 234 2130 his
259 2071 376 2128 altera
402 2069 498 2146 apud
523 2069 654 2129 Graios
679 2069 868 2145 Cynosura
887 2079 1055 2142 vocatur,

99 2172 228 2229 Altera
248 2168 387 2226 dicitur
408 2186 487 2225 esse
509 2168 657 2238 Helice,

49 2287 103 2345 rius
118 2283 241 2359 quidem
255 2281 427 2340 clarissimas
442 2281 537 2338 stellas
551 2281 619 2338 totis
634 2281 768 2338 noctibus
783 2280 937 2351 cernimus

102 2400 202 2474 Quas
223 2396 341 2455 nostri
362 2396 507 2470 Septem
528 2395 631 2452 soliti
651 2395 816 2452 vocitare
837 2395 1009 2454 Triones.

49 2515 201 2588 aribusque
229 2511 318 2570 stellis
346 2509 474 2567 similiter
502 2508 645 2567 distinctis
681 2509 809 2567 eundem
837 2508 910 2566 caeli
938 2510 1122 2568 verticemur

49 2623 121 2672 strat
135 2627 225 2687 parva
239 2609 409 2684 Cynosura:

103 2728 185 2786 Hac
205 2722 330 2782 fidunt
350 2721 444 2779 duce
465 2731 644 2780 nocturna
669 2720 875 2778 Phoenices
896 2720 930 2777 in
952 2721 1036 2779 alto,

103 2823 175 2884 Sed
195 2822 296 2898 prior
317 2820 380 2877 illa
400 2821 513 2895 magis
535 2820 654 2877 stellis
678 2818 858 2875 distincta
879 2818 1038 2893 refulget

106 2924 152 2981 Et
172 2921 244 2978 late
266 2919 383 2994 prima
403 2918 604 2975 confestim
626 2935 644 2972 a
664 2926 774 2972 nocte
795 2914 956 2986 videtur,

104 3021 209 3079 Haec
236 3034 322 3076 vero
350 3033 460 3092 parva
488 3024 556 3086 est,
586 3012 651 3071 sed
679 3012 800 3070 nautis
830 3030 913 3069 usus
945 3013 980 3069 in
1012 3013 1079 3070 hac

829 3119 901 3180 est3

106 3215 196 3273 Nam
217 3228 325 3270 cursu
346 3209 524 3266 interiore
545 3207 646 3265 brevi
668 3205 898 3264 convertitur
918 3206 1020 3265 orbe.

49 3334 64 3388 :t
78 3346 138 3405 quo
152 3328 190 3385 sit
204 3344 304 3384 earum
319 3323 464 3382 stellarum
479 3320 674 3379 admirabilior
687 3330 831 3396 aspectus
1086 3322 1124 3377 42

106 3443 186 3500 Has
204 3440 314 3510 inter,
336 3436 448 3494 veluti
470 3436 599 3510 rapido
622 3455 701 3492 cum
722 3434 865 3510 gurgite
887 3433 1040 3505 flumen,

104 3539 247 3599 Torvus
277 3535 399 3593 Draco
428 3533 544 3608 serpit
573 3534 698 3592 subter
727 3549 932 3607 superaque
961 3530 1080 3589 revol-

104 3651 105 3654 ’
829 3646 917 3685 vens

103 3734 194 3796 Sese
216 3727 503 3803 conficiensque
526 3727 626 3786 sinus
648 3745 664 3784 e
686 3743 841 3802 corpore
864 3725 1000 3782 flexos.
