2504 4170
130 253 192 300 110
455 251 504 300 ne
525 251 671 302 sarum
693 251 851 322 omnen.

125 407 275 465 beluarum
300 405 411 465 efferari
436 423 492 463 nee
520 405 653 482 stirpium
680 407 833 482 asperitate
856 406 973 481 vastari,
998 427 1170 486 quommque

125 505 262 580 operibus
277 506 346 580 agri,
363 504 472 562 insulae
486 504 627 579 litoraque
643 504 788 563 collucent
801 504 940 562 distincta
956 508 1046 566 tectis
1063 518 1093 567 et
1105 509 1169 567 urbi·

123 603 187 660 bus.
230 603 315 676 Quae
340 603 373 672 si,
399 614 430 658 ut
454 603 566 670 animis,
592 602 633 659 sic
662 602 753 659 oculis
776 601 875 660 videre
900 621 1069 678 possemus,
1092 624 1169 664 nemo

79 707 261 757 1⁰⁰cunctam
284 700 398 756 intuens
421 710 526 755 terram
547 698 585 755 de
607 698 706 756 divina
725 699 836 756 ratione
859 698 1017 760 dubitaret.
1059 704 1099 760 At
1110 721 1169 761 vero

123 807 233 872 quanta
247 798 333 854 maris
347 808 391 853 est
406 795 591 871 pulchritudo
605 800 611 853 l
633 814 708 870 quae
722 797 835 871 species
848 797 976 855 universi
990 803 996 856 l
1017 817 1093 874 quae
1107 801 1188 858 mid-s

122 894 219 953 titudo
251 904 281 952 et
308 894 430 950 varietas
459 893 634 950 insularum!
666 911 741 967 quae
772 893 965 952 amoenitates
997 914 1113 954 orarum
1140 915 1168 954 ac

121 992 257 1050 litomm!
286 1001 359 1066 quot
379 1009 488 1066 genera
508 1008 653 1065 quamque
678 989 804 1065 disparia
826 992 932 1065 partim
953 993 1167 1065 submersarum,

121 1090 226 1165 partim
241 1088 414 1147 fluitantium
429 1098 459 1146 et
474 1088 636 1145 innantium
647 1088 806 1159 beluarum,
817 1088 922 1164 partim
935 1090 976 1147 ad
991 1109 1063 1148 saxa
1075 1092 1168 1150 nativis

120 1187 201 1245 testis
224 1185 455 1244 inhaerentium!
499 1185 599 1260 Ipsum
621 1194 718 1242 autern
738 1203 817 1242 mare
838 1187 881 1243 sic
905 1195 1014 1246 terram
1035 1199 1168 1265 appetens

120 1283 249 1342 litoribus
274 1283 384 1354 alludit,
410 1294 441 1341 ut
466 1302 525 1340 una
549 1301 586 1339 ex
610 1281 722 1339 duabus
746 1284 854 1341 naturis
882 1284 1010 1342 conflata
1034 1287 1193 1345 videaturne

76 1394 112 1436 tor
122 1381 198 1438 Exin
219 1381 291 1438 mari
313 1381 460 1438 finitumus
481 1381 531 1437 a‘er
552 1379 600 1436 die
626 1388 655 1436 et
676 1390 764 1437 nocte
790 1379 983 1454 distinguitur,
1006 1382 1090 1458 isque
1113 1394 1167 1441 tum

119 1478 199 1535 susus
227 1486 257 1535 et
284 1487 455 1536 extenuatus
484 1477 605 1534 sublime
634 1476 730 1548 sertur,
756 1486 818 1534 tum
842 1488 940 1535 autem
964 1491 1122 1539 concretus
1143 1481 1168 1539 in

119 1574 213 1632 nubes
234 1575 347 1650 cogitur
367 1593 558 1649 umoremque
576 1574 715 1648 colligens
729 1583 834 1632 terram
848 1585 935 1649 auget
948 1575 1100 1650 imbribus,
1113 1587 1169 1636 tum

119 1671 241 1730 effluens
263 1672 321 1730 huc
342 1682 372 1730 et
393 1672 459 1728 illuc
480 1681 583 1729 ventos
605 1669 701 1729 efficit.
746 1670 831 1728 Idem
852 1689 963 1729 annuas
984 1673 1123 1749 lrigomm
1143 1683 1169 1732 et

119 1769 248 1827 calomm
270 1769 338 1827 lacit
359 1769 521 1839 varietates
544 1767 681 1842 idemque
705 1778 734 1825 et
748 1768 859 1826 volatus
880 1769 981 1827 alitum
1003 1773 1124 1830 sustinet
1142 1781 1195 1832 eto

76 1867 222 1941 ddspiritu
243 1865 348 1924 ductus
369 1867 418 1924 alit
440 1877 469 1923 et
490 1875 631 1923 sustentat
652 1866 823 1923 animantes
866 1867 969 1924 Restat
983 1868 1100 1928 ultimus
1115 1880 1170 1927 eta

120 1963 275 2022 domiciliis
300 1964 404 2021 nostris
428 1964 582 2021 altissimus
606 1963 706 2020 omnia
731 1964 851 2038 cingens
880 1974 910 2021 et
934 1967 1079 2025 coercens
1102 1966 1170 2025 caeli

119 2062 299 2136 complexus,
322 2062 371 2137 qui
393 2060 473 2118 idem
494 2060 594 2118 aether
614 2070 743 2131 vocatur,
764 2071 893 2118 extrema
914 2080 966 2119 ora
987 2072 1017 2120 et
1038 2063 1169 2122 determi-

118 2159 199 2215 natio
214 2158 327 2228 mundi,
343 2159 370 2215 in
387 2177 446 2234 quo
462 2177 529 2215 cum
548 2157 770 2216 admirabilitate
793 2159 919 2215 maxima
939 2159 1043 2234 igneae
1065 2162 1169 2219 formae

75 2268 219 2312 1ozcursus
244 2256 392 2314 ordinatos
419 2256 571 2313 deliniunt.
615 2256 641 2312 E
666 2255 770 2329 quibus
792 2256 845 2327 sol,
869 2257 950 2313 cuius
973 2258 1200 2332 magnitudinem

119 2352 215 2409 multis
231 2354 360 2428 partibus
376 2364 450 2411 terra
465 2363 623 2428 superatur,
636 2353 745 2409 circum
761 2371 827 2410 earn
841 2354 934 2427 ipsam
947 2354 1080 2426 volvitur,
1092 2357 1170 2431 isque

120 2449 215 2506 oriens
232 2459 261 2507 et
275 2451 417 2508 occidens
432 2450 512 2507 diem
525 2460 704 2524 noctemque
720 2451 840 2507 conficit
858 2461 886 2507 et
904 2450 995 2509 modo
1017 2453 1170 2525 accedens

119 2555 181 2602 tum
196 2557 294 2604 autem
308 2548 450 2605 recedens
464 2547 548 2605 binas
569 2547 599 2604 in
620 2547 738 2622 singulis
760 2548 842 2605 annis
864 2549 1045 2607 reversiones
1067 2551 1104 2609 ab
1125 2570 1171 2608 ex·

119 2650 213 2698 tremo
235 2645 392 2700 contrarias
413 2644 490 2714 sacit,
513 2662 635 2718 quarum
657 2645 686 2701 in
708 2645 857 2702 intervallo
878 2655 940 2702 tum
963 2647 1044 2720 quasi
1063 2648 1173 2706 tristitia

120 2737 247 2811 quadam
270 2740 415 2797 contrahit
435 2749 550 2810 terram,
565 2750 627 2799 turn
641 2741 767 2799 vicissim
789 2741 933 2812 laetificat,
948 2753 980 2799 ut
1002 2762 1070 2801 cum
1092 2744 1172 2802 caelo
1184 2765 1203 2805 τε

75 2848 113 2890 loa
121 2833 240 2891 hilarata
252 2833 393 2893 videatur.
435 2837 519 2894 Luna
539 2848 646 2908 autem,
662 2857 737 2914 quae
760 2849 811 2909 est,
830 2849 861 2895 ut
881 2831 1041 2899 ostendunt
1062 2842 1171 2900 mathe-

120 2930 227 3002 matici,
242 2933 335 2988 maior
355 2951 443 3007 quam
464 2934 586 2992 dimidia
607 2953 672 3010 pars
693 2946 795 3006 terrae,
811 2936 904 2993 isdem
926 2937 1025 3011 spatiis
1047 2949 1172 3015 vagatur,

119 3027 223 3100 quibus
245 3027 297 3098 sol,
320 3028 372 3086 sed
393 3039 456 3087 tum
477 3031 672 3106 congrediens
694 3052 761 3090 cum
782 3034 852 3104 sole,
873 3045 934 3091 tum
956 3033 1123 3110 digrediens
1145 3046 1173 3093 et

120 3141 185 3180 eam
200 3124 305 3196 lucem,
320 3144 408 3200 quam
429 3147 447 3184 a
467 3128 527 3186 sole
547 3131 671 3205 accepit,
688 3132 774 3189 mittit
795 3132 824 3188 iu
844 3141 933 3189 terras
954 3142 983 3188 et
999 3133 1091 3192 varias
1112 3134 1174 3208 ipsa

119 3219 191 3277 lucis
206 3221 381 3280 mutationes
396 3223 492 3298 habet,
509 3236 596 3300 atque
612 3229 775 3285 etiamtum
790 3230 921 3287 subiecta
935 3238 1022 3304 atque
1037 3232 1173 3306 opposita
1184 3249 1206 3288 so

120 3317 173 3374 soli
188 3317 284 3376 radios
300 3320 360 3377 eius
376 3330 405 3378 et
419 3322 517 3380 lumen
532 3324 677 3395 obscurat,
692 3335 753 3382 tum
769 3326 831 3400 ipsa
845 3327 977 3384 incidens
996 3328 1026 3384 in
1040 3329 1172 3386 umbram

120 3422 221 3485 terrae,
238 3433 305 3472 cum
323 3427 367 3475 est
386 3435 402 3474 e
424 3419 543 3492 regione
564 3422 641 3492 solis,
657 3422 827 3496 interpositu
847 3424 1057 3498 interiectuque
1079 3434 1170 3483 terrae

32 3492 39 3504 ’
119 3520 242 3585 repente
257 3510 366 3571 deficit.
410 3514 569 3590 Isdemque
587 3519 685 3592 spatiis
707 3537 759 3575 eae
783 3519 890 3591 stellae,
906 3539 977 3594 quas
992 3540 1079 3596 vagas
1099 3522 1169 3580 dici·

119 3626 193 3679 muS,
209 3609 319 3666 circum
334 3620 438 3668 terram
454 3611 581 3670 seruntur
595 3614 761 3688 eodemque
779 3616 870 3674 modo
892 3618 1021 3675 oriuntur
1042 3628 1071 3676 et
1092 3619 1168 3676 occi·

119 3703 203 3778 dunt,
228 3723 350 3781 quarum
377 3716 473 3765 motus
501 3717 563 3766 tum
591 3710 753 3784 incitantur,
778 3721 841 3771 tum
868 3713 1056 3788 retardantur,
1083 3731 1201 3839 ffiiffss
