2504 4170
363 277 429 326 Lm.
447 278 482 327 11.
515 277 756 328 mixtu-xix.
792 279 925 342 §tq-49.
1131 279 1171 342 93

103 429 186 505 quod
209 429 285 488 mihi
306 439 407 488 tamen
428 431 523 506 ipsum
545 450 604 489 non
618 431 750 504 videtur3
772 431 845 506 quid
868 432 946 488 enim
970 430 1118 505 pulchrius
1138 449 1174 488 ea

103 529 203 604 ligura,
225 545 306 602 quae
328 529 391 585 sola
411 529 505 586 omnis
526 530 595 586 alias
619 530 723 604 figuras
746 529 903 604 complexa
925 529 1066 599 continet,
1083 548 1172 603 quae-

104 643 160 700 que
175 625 250 682 nihil
264 625 428 699 asperitatis
444 626 559 696 habere,
571 626 643 683 nihil
658 627 826 683 offensionis
841 635 947 700 potest,
961 625 1032 682 nihil
1049 627 1171 685 incisum

104 724 225 798 angulis
236 722 310 779 nihil
321 723 504 794 anfractibus,
514 724 584 780 nihil
595 725 736 794 eminens
749 724 820 780 nihil
835 725 1029 780 lacunosum?
1043 744 1171 800 cumque

78 842 88 880 s
106 819 180 877 duae
196 821 312 877 sormae
328 830 507 894 praestantes
522 822 586 891 sint,
599 840 636 878 ex
650 821 748 878 solidis
760 821 863 894 globus
881 822 937 895 (sie
952 822 1030 878 enim
1046 825 1172 897 σφαῖραν

104 917 288 992 interpretari
299 917 426 991 placet),
439 935 475 974 ex
489 918 581 992 planis
597 928 695 974 autem
711 918 834 974 circulus
850 929 899 975 aut
911 919 997 989 orbiS,
1008 921 1058 993 qui
1070 920 1171 980 κύκλος

104 1015 219 1072 Graece
235 1013 353 1084 dicitur,
369 1013 413 1070 his
428 1013 539 1072 duabus
554 1015 652 1071 formis
667 1016 810 1090 contingit
824 1016 900 1084 solis
911 1026 942 1072 ut
956 1035 1058 1073 omnes
1071 1035 1169 1074 earum

103 1123 199 1187 partes
215 1112 274 1168 sint
289 1112 365 1168 inter
379 1129 410 1168 se
429 1112 599 1168 simillumae
611 1112 795 1186 amedioquc
808 1113 979 1169 tantundem
991 1115 1065 1171 absit
1077 1127 1170 1171 extre-

103 1228 195 1280 mum,
207 1227 269 1284 quo
285 1208 357 1265 nihil
371 1208 432 1264 fieri
447 1219 543 1282 potest
556 1209 661 1282 aptius.
703 1210 760 1266 Sed
775 1211 798 1267 si
813 1210 886 1266 haec
901 1230 961 1267 non
976 1211 1088 1281 videtiS,
1101 1213 1169 1285 quia
1181 1223 1208 1263 ts

72 1332 92 1361 ro
104 1325 269 1381 numquam
281 1306 429 1363 eruditum
441 1306 518 1363 illum
530 1307 679 1381 pulverem
694 1309 833 1381 attigistis,
846 1328 882 1364 ne
895 1309 952 1365 hoc
964 1309 1083 1382 quidem
1096 1309 1169 1383 phy-

104 1405 155 1479 sici
170 1404 342 1479 intellegere
357 1403 499 1477 potuistis,
510 1404 586 1460 hauc
599 1405 833 1477 aequabilitatem
849 1417 945 1462 motus
961 1407 1170 1463 constantiam-

104 1521 160 1576 que
183 1501 324 1558 ordinum
346 1500 376 1556 iu
390 1501 446 1556 alia
459 1501 550 1575 figura
571 1520 631 1558 non
654 1503 781 1576 potuisse
805 1504 929 1560 servari?
972 1505 1073 1576 ltaque
1098 1504 1169 1559 nihil

101 1610 202 1676 potest
224 1618 290 1656 esse
313 1598 468 1668 indoctius
484 1618 572 1672 quam
587 1599 667 1673 quod
688 1618 706 1655 a
719 1600 801 1656 vobis
816 1599 961 1656 adfirmari
976 1601 1057 1657 solet.
1102 1602 1170 1657 Nec

102 1700 182 1756 enirn
205 1698 288 1754 hunc
312 1696 409 1769 ipsum
433 1696 574 1752 mundum
599 1715 653 1771 pro
675 1707 756 1753 certo
778 1694 937 1754 rotundum
963 1715 1025 1753 esse
1051 1698 1146 1754 dicitis
1158 1719 1170 1770 ;

65 1815 89 1857 ¹s
101 1815 171 1854 narn
185 1812 278 1870 posse
294 1793 365 1863 fieri,
380 1803 411 1849 ut
426 1793 461 1849 sit
476 1794 530 1849 alia
545 1794 644 1868 ligura,
656 1795 938 1868 innumerabilesque
954 1794 1080 1852 mundos
1096 1797 1167 1851 alios

100 1895 225 1951 aliarum
249 1909 314 1948 esse
338 1891 503 1948 formarum.
548 1893 641 1964 Quae,
663 1891 694 1961 si,
716 1892 760 1948 bis
783 1892 853 1948 bina
875 1902 947 1965 quot
969 1904 1074 1963 essent,
1090 1893 1164 1948 didi·
1178 1905 1205 1944 ts

101 1992 190 2048 cisset
215 1989 373 2063 Epicurus,
396 1999 473 2044 certe
498 2007 558 2044 non
583 1988 693 2045 diceret
705 2009 712 2058 3
742 1987 795 2045 sed
818 1988 889 2044 dum
913 1990 1020 2062 palato,
1036 1989 1107 2063 quid
1130 1991 1166 2046 sit

100 2090 261 2163 optimum,
284 2085 403 2156 iudicat,
427 2086 539 2142 ‘caeli
562 2085 723 2159 palatum
734 2087 750 2156 ’,
773 2097 804 2142 ut
824 2087 863 2142 ait
887 2086 1007 2156 Ennius,
1024 2105 1083 2142 non
1106 2105 1165 2143 sus-

100 2186 193 2261 pexit.
241 2184 322 2240 Nam
347 2202 415 2239 cum
440 2182 500 2239 duo
525 2183 581 2239 sint
605 2201 712 2257 genera
736 2182 873 2253 siderum,
892 2202 1016 2256 quorum
1042 2184 1209 2239 alterumlt)

60 2302 89 2330 20
100 2283 203 2358 spatiis
230 2279 447 2337 inmutabilibus
473 2281 510 2338 ab
536 2290 599 2337 ortu
624 2279 662 2336 acl
690 2299 829 2336 occasum
855 2299 1026 2336 commeans
1055 2280 1164 2336 nullum

101 2398 248 2454 umquam
263 2396 364 2434 cursus
379 2378 421 2434 sui
436 2378 590 2451 vestigium
612 2377 748 2447 inflectat,
764 2379 885 2433 alterum
897 2388 995 2434 autem
1011 2378 1163 2435 continuas

101 2477 316 2534 conversiones
331 2473 402 2531 duas
422 2475 517 2532 isdem
539 2475 637 2548 spatiis
659 2476 847 2548 cursibusque
869 2476 1015 2545 conficiat,
1032 2493 1068 2531 ex
1089 2487 1164 2531 utra-

101 2593 159 2649 que
174 2592 207 2631 re
224 2583 254 2630 et
270 2572 373 2629 mundi
387 2572 558 2642 volubilitas
574 2591 648 2645 quae
664 2572 719 2628 nisi
740 2573 770 2628 in
784 2573 905 2646 globosa
919 2574 1012 2630 forma
1026 2591 1089 2629 esse
1104 2592 1163 2629 non

100 2681 214 2747 posset,
231 2680 261 2726 et
276 2670 421 2726 stellarum
438 2669 555 2726 rotundi
578 2670 703 2725 ambitus
726 2680 950 2743 cognoscuntur.
994 2671 1163 2742 Primusque

62 2793 87 2831 25
101 2771 154 2840 sol,
170 2768 223 2844 qui
238 2777 380 2824 astrorum
396 2777 476 2823 tenet
493 2767 697 2841 principatum,
713 2767 753 2823 ita
773 2778 914 2836 movetur,
930 2779 969 2838 ut,
985 2787 1053 2824 cum
1075 2780 1163 2825 terras

101 2869 181 2943 larga
196 2867 264 2923 luce
281 2865 478 2939 compleverit,
495 2865 615 2922 easdem
633 2864 725 2922 modo
741 2865 794 2935 his,
810 2865 901 2922 modo
917 2865 968 2922 illis
984 2884 1019 2921 ex
1034 2867 1162 2939 partibus

101 2975 212 3041 opacet
224 2985 233 3036 ;
255 2963 319 3038 ipsa
340 2964 418 3019 enim
440 2964 543 3021 umbra
565 2973 657 3020 terrae
681 2963 734 3020 soli
757 2963 888 3020 officiens
913 2974 1032 3019 noctem
1055 2964 1161 3032 efficit;

100 3074 318 3121 nocturnorum
345 3071 442 3117 autem
472 3062 633 3136 spatiorum
661 3061 766 3118 eadem
796 3071 839 3118 est
866 3060 1062 3134 aequabilitas,
1088 3079 1162 3133 quae

101 3161 297 3228 diurnorum;
320 3158 510 3234 eiusdemque
532 3162 599 3220 solis
622 3170 685 3216 turn
701 3178 836 3216 accessus
859 3158 975 3227 modici,
992 3168 1053 3213 tum
1068 3176 1162 3214 reces-

62 3277 149 3322 sosus
172 3269 203 3314 et
225 3256 336 3330 frigoris
359 3266 388 3314 et
410 3258 512 3315 caloris
539 3259 662 3318 modum
688 3267 870 3332 temperant,
893 3255 1060 3311 circumitus
1086 3255 1163 3310 enim

100 3357 170 3414 solis
185 3353 303 3412 orbium
317 3370 337 3410 v
351 3364 380 3412 et
394 3372 432 3412 Lx
447 3365 476 3413 et
491 3373 546 3414 cee
561 3365 664 3432 quarta
679 3355 737 3412 fere
752 3354 809 3410 diei
832 3366 912 3428 parte
928 3351 1028 3408 addita
1043 3369 1163 3407 conver-

101 3455 219 3511 sionem
233 3451 395 3509 conficiunt
408 3471 545 3523 annuam,
561 3453 716 3512 inflectens
733 3462 830 3508 autem
853 3451 896 3507 sol
918 3468 1034 3506 cursum
1049 3458 1110 3504 turn
1125 3447 1163 3503 ad

100 3549 327 3626 septentriones
350 3559 411 3607 tum
439 3550 476 3608 ad
503 3552 659 3610 meridiem
684 3560 807 3606 aestates
833 3558 862 3604 et
886 3548 997 3604 hiemes
1023 3545 1111 3601 efficit
1135 3554 1165 3600 et

100 3666 136 3707 ea
156 3646 221 3705 duo
244 3655 384 3720 tempora,
406 3665 530 3720 quorum
552 3652 677 3707 alterurn
699 3645 787 3703 hiemi
810 3644 973 3702 senescenti
994 3642 1164 3699 adiunctum

61 3767 86 3807 ss
99 3755 153 3818 est,
175 3743 302 3803 alterum
325 3745 435 3801 aestati.
478 3746 524 3802 Ita
548 3763 587 3804 ex
611 3749 748 3816 quattuor
770 3753 935 3816 temporum
957 3738 1165 3796 mutationibus
