2504 4170
280 266 349 316 cra.
364 266 399 316 11.
435 266 707 316 enimv-mvn
744 267 775 330 §a
797 266 916 316 roomo.
1083 269 1138 332 131

75 416 227 492 dendum‚
244 421 345 491 Cotta,
358 421 425 495 quia
439 419 607 480 Carneades
621 420 754 478 lubenter
767 421 797 478 in
813 422 926 480 Stoicos
941 420 1140 492 invehebatur,

76 517 223 590 Velleius,
240 518 313 592 quia
333 518 404 575 nihil
425 527 485 575 tam
506 517 612 575 inridet
634 518 777 592 Epicurus
799 537 887 592 quam
909 518 1141 592 praedictionem

75 633 177 674 rerum
196 615 371 685 futurarum,
386 614 456 672 mihi
469 614 584 671 videtur
597 615 643 671 vel
665 632 801 671 maxume
823 615 996 672 confirmare
1018 614 1140 672 deorum

78 711 271 788 providentia
286 711 399 768 consuli
413 711 497 768 rebus
514 710 656 767 humanis.
700 712 753 768 Est
774 712 853 768 enim
875 712 1008 785 profecto
1029 711 1140 769 divina·

79 809 131 880 tio,
147 826 227 884 quae
250 808 349 865 multis
370 808 450 876 lociS,
465 808 560 878 rebus,
576 808 754 882 temporibus
776 818 897 882 apparet
916 827 984 864 cum
1003 805 1065 886 [in]
1083 811 1140 883 pri·

79 906 154 964 vatis
176 915 242 963 tum
264 922 401 961 maxume
422 904 552 979 publicis.
597 904 691 961 Multa
712 915 836 961 cernunt
858 905 1035 978 haruspices,
1050 907 1184 963 multatas

80 1020 209 1078 augures
233 1000 399 1077 provident,
425 1001 516 1058 multa
539 1001 643 1058 oraclis
671 1000 863 1073 declarantur,
888 1002 979 1059 multa
1002 1003 1139 1059 vaticina·

80 1100 223 1170 tionibuS,
239 1098 333 1156 multa
345 1098 474 1169 somniis,
490 1098 581 1155 multa
594 1099 744 1172 portentis,
761 1100 865 1171 quibus
887 1099 1010 1173 cognitis
1032 1100 1139 1157 multae

81 1214 174 1271 saepe
197 1214 244 1253 res
266 1215 305 1252 ex
327 1194 479 1252 hominum
501 1194 646 1252 sententia
667 1204 753 1268 atque
776 1196 898 1252 utilitate
918 1206 1028 1270 partae,
1050 1197 1140 1254 multa

59 1294 174 1351 setiam
189 1291 322 1367 pericula
336 1290 457 1365 depulsa
470 1301 546 1349 sunt.
589 1293 675 1348 Haec
691 1292 776 1365 igitur
796 1293 855 1349 sive
871 1293 912 1350 vis
933 1294 992 1350 sive
1014 1312 1058 1350 ars
1079 1295 1138 1351 sive

82 1400 188 1448 natura
202 1388 241 1447 ad
259 1388 414 1446 scientiam
433 1406 529 1445 rerum
551 1389 709 1445 futurarum
731 1388 843 1445 homini
863 1390 996 1463 profecto
1017 1400 1061 1447 est
1082 1409 1139 1448 nec

82 1487 132 1545 alii
146 1488 289 1561 cuiquam
303 1503 322 1542 a
336 1485 380 1542 dis
395 1485 592 1544 inmortalibus
607 1484 685 1542 data.
729 1485 814 1558 Quae
830 1487 853 1543 si
868 1486 979 1560 singula
993 1505 1045 1544 vos
1066 1488 1140 1545 sorte

81 1602 146 1643 non
160 1592 292 1654 movent,
309 1582 440 1639 universa
455 1592 533 1639 certe
555 1591 654 1639 tamen
677 1581 751 1638 inter
771 1600 802 1639 se
824 1600 939 1640 conexa
959 1593 1046 1658 atque
1068 1602 1140 1642 con-

82 1681 186 1740 iuncta
199 1697 321 1738 movere
336 1678 494 1736 debebunt.

59 1805 69 1844 ς
125 1777 194 1836 Nec
207 1794 279 1835 vero
294 1776 428 1833 universo
443 1774 542 1850 generi
556 1775 707 1833 hominum
723 1777 827 1847 solum,
843 1776 896 1834 sed
915 1777 1002 1835 etiam
1022 1778 1184 1853 singulisne

82 1894 102 1934 a
115 1875 162 1935 dis
176 1874 378 1933 inmortalibus
393 1873 504 1931 consuli
524 1882 553 1930 et
574 1873 719 1947 provideri
741 1875 823 1931 solet.
867 1875 950 1932 Licet
971 1876 1048 1931 enim
1069 1893 1138 1932 con-

83 1973 198 2032 trahere
226 1971 444 2030 universitatem
471 1971 585 2045 generis
620 1970 739 2027 humani
774 1988 899 2044 eamque
930 1971 1071 2045 gradatim
1101 1971 1139 2029 ad

81 2071 248 2146 pauciores,
271 2078 421 2144 postremo
444 2066 592 2125 deducere
615 2066 653 2124 ad
676 2067 812 2142 singulos.
855 2069 933 2124 Nam
957 2069 980 2124 si
1002 2068 1183 2125 omnibusbd

82 2166 263 2237 hominibus,
279 2165 330 2240 qui
351 2165 459 2239 ubique
480 2174 546 2221 sunt
568 2181 753 2239 quacumque
775 2164 805 2221 in
827 2182 879 2222 ora
899 2183 934 2221 ac
953 2175 1034 2238 parte
1052 2175 1138 2222 terra-

59 2283 148 2322 orum
176 2264 215 2321 ab
243 2263 366 2320 huiusce
395 2271 496 2332 terrae,
525 2279 613 2335 quam
641 2278 696 2318 nos
728 2261 891 2332 incolimus,
920 2262 1139 2319 continuatione

82 2359 267 2430 distantium,
281 2358 356 2416 deos
377 2358 528 2415 consulere
549 2375 704 2414 censemus
725 2356 764 2414 ob
785 2376 835 2415 eas
856 2376 968 2428 causas,
983 2376 1055 2432 quas
1072 2370 1139 2415 ante

82 2457 222 2528 diximus,
246 2455 291 2513 his
314 2472 431 2529 quoque
454 2454 621 2512 hominibus
648 2454 811 2524 consulunt,
836 2455 886 2528 qui
911 2454 962 2510 has
986 2455 1139 2512 nobiscum

82 2564 174 2613 terras
188 2554 228 2612 ab
242 2552 355 2610 oriente
371 2551 408 2608 ad
423 2550 610 2608 occidentem
626 2551 734 2608 colunt.
779 2551 828 2608 Sin
849 2561 947 2608 autem
968 2551 1014 2607 his
1034 2566 1184 2609 consu-ru

82 2651 154 2723 lunt,
170 2651 223 2726 qui
244 2649 328 2724 quasi
349 2666 483 2723 magnam
504 2647 652 2722 quandam
675 2647 798 2704 insulam
821 2648 960 2717 incolunt,
976 2666 1064 2721 quam
1085 2667 1139 2706 uos

59 2749 188 2817 sorbem
210 2757 305 2805 terrae
327 2764 475 2815 vocamus,
499 2746 587 2801 etiam
611 2745 663 2801 illis
689 2744 853 2815 consulunt,
878 2745 926 2818 qui
954 2755 1050 2818 partes
1079 2747 1139 2803 eius

83 2844 195 2903 insulae
224 2852 337 2913 tenent,
366 2842 524 2916 Europam,
553 2841 661 2911 Asiam,
690 2840 826 2898 Africam.
877 2843 954 2914 Ergo
983 2851 1013 2898 et
1040 2860 1139 2899 earum

83 2953 180 3018 partes
209 2940 345 3015 diligunt,
373 2949 404 2996 ut
432 2940 569 3008 Romam,
599 2939 737 3007 Athenas,
768 2939 908 3012 Spartam,
935 2938 1085 3008 Rhodum,
1111 2949 1140 2996 et

84 3057 183 3097 earum
198 3037 317 3096 urbium
331 3036 484 3110 separatim
499 3035 536 3093 ab
551 3036 689 3092 universis
704 3035 832 3109 singulos
848 3036 979 3109 diligunt,
994 3046 1025 3092 ut
1042 3036 1139 3110 Pyrrhi

82 3135 160 3194 bello
182 3135 318 3204 Curium,
336 3133 511 3203 Fabricium,
534 3132 760 3200 Coruncanium,
784 3134 878 3206 primo
901 3133 1012 3188 Punico
1034 3132 1138 3190 Calati-

59 3251 163 3305 onum,
180 3230 343 3301 Duellium,
359 3230 520 3300 Metellum,
538 3230 694 3298 Lutatium,
710 3228 841 3287 secundo
863 3231 1045 3299 Maxumum,
1062 3231 1138 3286 Mar-

84 3331 199 3401 cellum,
229 3327 409 3397 Africanum,
438 3337 505 3401 post
540 3325 593 3383 hos
628 3326 759 3395 Paulum,
789 3327 965 3396 Gracchum,
995 3326 1139 3383 Catonem

84 3437 235 3501 patrumve
258 3423 402 3482 memoria
423 3423 601 3497 Scipionem,
625 3422 776 3492 Laelium;
804 3424 969 3496 multosque
991 3434 1140 3496 praeterea

85 3533 114 3581 et
132 3533 234 3582 nostra
255 3519 357 3578 civitas
376 3530 405 3577 et
420 3520 545 3579 Graecia
559 3520 622 3576 tulit
637 3519 793 3592 singulares
808 3520 892 3589 viros,
908 3537 1032 3592 quorum
1047 3519 1139 3575 nemi-

86 3638 151 3679 nem
171 3619 230 3679 nisi
251 3619 369 3675 iuvante
392 3616 449 3674 deo
471 3617 557 3673 talem
574 3616 660 3673 suisse
675 3614 857 3672 credendum
873 3625 925 3672 est.
968 3615 1052 3688 Quae
1067 3615 1184 3672 rationis

59 3718 186 3793 upoetas
208 3730 409 3789 maxumeque
431 3714 598 3772 Homerum
619 3712 732 3786 inpulit,
754 3721 786 3769 ut
806 3712 985 3787 principibus
1007 3711 1137 3785 heroum,
