2504 4170
380 305 445 354 LIB.
462 304 497 354 11.
531 305 594 353 Car.
605 304 662 363 XV,
674 303 745 352 XVI.
780 306 810 367 §§
823 304 913 367 38-44.
1127 305 1167 370 91

102 459 209 532 Negat
225 476 298 533 ergo
312 476 375 515 esse
390 457 521 529 dubium,
536 457 642 515 horum
664 457 773 532 ignium
787 458 830 515 sol
845 457 900 514 utri
923 456 1021 514 similis
1042 456 1087 527 sit,
1102 474 1171 514 cum

102 556 128 614 is
143 573 270 630 quoque
285 553 402 625 efficiat,
417 564 449 612 ut
468 555 568 612 omnia
591 554 711 612 floreant
734 564 763 611 et
784 556 814 611 in
836 572 890 611 suo
912 571 1046 627 quaeque
1063 570 1171 628 genere

102 656 285 729 pubescant.
330 652 427 726 Quare
441 670 510 709 cum
525 652 593 709 solis
607 652 680 726 ignis
694 653 792 710 similis
813 670 915 709 eorum
937 652 1047 726 ignium
1061 653 1106 723 sit,
1121 652 1172 725 qni

103 752 222 809 suntin
238 749 410 824 corporibus
432 749 634 819 animantium,
650 749 741 806 solem
763 767 882 823 quoque
906 750 1084 806 animantem
1107 767 1170 806 esse

70 867 83 906 s
104 857 237 924 oportet,
249 856 280 904 et
290 844 411 921 quidem
426 846 538 919 reliqua
552 855 636 915 astra,
648 863 723 919 quae
738 846 866 903 oriantur
879 845 909 901 in
924 844 1027 902 ardore
1042 845 1169 917 caelesti,

104 946 159 1020 qui
174 943 278 1002 aether
290 943 337 1001 vel
357 941 471 999 caelum
487 942 662 999 nominatur.
705 942 782 1000 Cum
803 942 889 1017 igitur
903 941 1023 998 aliorum
1039 942 1169 998 animan·
1182 960 1208 1000 ta

104 1043 183 1100 tium
197 1051 278 1099 ortus
293 1039 470 1110 interrasit,
487 1038 610 1095 aliorum
631 1038 661 1096 in
683 1056 767 1113 aqua,
782 1039 812 1097 in
835 1038 902 1096 aere
925 1038 1055 1108 aliorum,
1071 1039 1169 1096 absur-

106 1139 182 1197 dum
205 1156 271 1196 esse
291 1137 436 1195 Aristoteli
449 1135 566 1193 videtur
588 1135 618 1191 in
642 1152 677 1192 ea
695 1145 785 1210 parte,
800 1153 876 1209 quae
901 1136 938 1192 sit
961 1134 1000 1192 ad
1022 1135 1171 1210 gignenda

106 1236 271 1293 animantia
284 1235 441 1309 aptissima,
456 1231 564 1291 animal
578 1231 658 1306 gigni
678 1232 788 1289 nullum
804 1242 914 1307 putare.
957 1231 1058 1290 Sidera
1071 1242 1170 1289 autem

67 1352 94 1380 ιο
107 1332 273 1390 aetherium
301 1331 400 1389 locum
428 1331 583 1402 obtinent;
614 1328 665 1402 qui
694 1330 834 1402 quoniam
859 1329 1044 1386 tenuissimus
1069 1339 1113 1385 est
1140 1337 1170 1386 et

107 1447 229 1504 semper
243 1429 365 1504 agitatur
379 1440 409 1486 et
422 1430 508 1504 viget,
523 1444 645 1486 necesse
660 1435 713 1497 est,
729 1425 811 1500 quod
832 1426 939 1483 animal
960 1426 990 1482 in
1011 1444 1048 1483 eo
1069 1426 1168 1500 gigna-

107 1535 165 1597 tur,
181 1524 212 1583 id
226 1535 257 1583 et
277 1543 364 1584 sensu
385 1527 526 1583 acerrimo
548 1533 578 1582 et
601 1523 760 1582 mobilitate
783 1523 934 1581 celerrima
955 1541 1028 1580 esse.
1071 1523 1169 1596 Quare

109 1642 181 1681 cum
195 1623 226 1704 in
240 1622 358 1680 aethere
372 1632 446 1680 astra
460 1624 622 1697 gignantur,
638 1633 869 1680 consentaneum
885 1630 929 1678 est
947 1621 976 1677 in
998 1621 1031 1677 iis
1052 1639 1169 1679 sensum

107 1720 207 1778 inesse
235 1729 266 1778 et
289 1719 524 1794 intellegentiam,
546 1737 583 1776 ex
606 1738 666 1793 quo
688 1720 811 1777 efficitur
838 1720 868 1776 in
897 1718 1019 1776 deorum
1047 1737 1170 1776 numero

69 1837 95 1876 τε
108 1827 188 1875 astra
201 1834 266 1875 esse
281 1815 427 1875 ducenda.
470 1816 588 1873 Etenim
608 1816 678 1874 licet
691 1817 789 1874 videre
811 1817 941 1874 acutiora
955 1816 1072 1890 ingenia
1085 1827 1115 1873 et
1128 1815 1168 1873 ad
1182 1813 1220 1868 16

109 1912 342 1989 intellegendum
356 1914 467 1987 aptiora
488 1931 599 1984 eorum,
614 1914 664 1987 qui
685 1924 772 1971 terras
795 1912 925 1970 incolant
945 1930 1003 1983 eas,
1019 1913 1168 1988 inquibus

109 2012 161 2070 aer
174 2012 211 2069 sit
225 2029 314 2086 purus
329 2028 364 2067 ac
385 2011 489 2081 tenuis,
505 2028 595 2084 quam
616 2010 737 2082 illorum,
754 2012 804 2085 qui
825 2020 942 2067 utantur
964 2028 1062 2068 crasso
1085 2010 1168 2067 caelo

108 2118 198 2182 atque
220 2117 370 2165 concreto
413 2106 602 2181 Quinetiam
625 2107 693 2164 cibo
707 2126 767 2182 quo
790 2119 880 2178 utare,
896 2108 1034 2165 interesse
1058 2107 1167 2182 aliquid
1180 2113 1206 2156 ⁴³

108 2205 148 2262 ad
164 2205 270 2262 mentis
285 2204 379 2260 aciem
394 2213 505 2278 putant.
550 2204 701 2262 Probabile
716 2216 759 2262 est
774 2207 859 2280 igitur
873 2215 1069 2280 praestantem
1084 2206 1167 2263 intel-

69 2301 267 2377 aolegentiam
291 2302 320 2359 in
345 2300 486 2359 sideribus
510 2319 584 2372 esse,
605 2318 680 2375 quae
706 2312 735 2359 et
753 2303 911 2360 aetheriam
930 2312 1043 2378 partem
1065 2303 1168 2362 mundi

107 2399 242 2457 incolant
265 2407 296 2454 et
318 2399 433 2456 marinis
462 2399 640 2472 terrenisque
664 2401 812 2459 umoribus
835 2401 923 2475 longo
946 2401 1095 2458 intervallo
1118 2420 1166 2459 ex-

107 2495 235 2552 tenuatis
250 2495 370 2552 alantur.
412 2497 536 2554 Sensum
550 2505 647 2552 autem
668 2506 810 2555 astrorum
830 2508 918 2573 atque
940 2498 1167 2573 intellegentiam

108 2610 247 2650 maxume
263 2592 389 2649 declarat
404 2592 478 2651 ordo
492 2610 594 2650 eorum
607 2603 696 2667 atque
720 2596 885 2653 constantia
904 2595 990 2672 (nihil
1012 2606 1056 2654 est
1078 2598 1167 2670 enim,

108 2688 191 2763 quod
213 2689 326 2746 ratione
349 2699 378 2746 et
399 2708 522 2747 numero
544 2691 655 2747 moveri
677 2692 770 2766 possit
793 2693 856 2750 sine
880 2693 1033 2767 consilio),
1054 2694 1085 2752 in
1107 2714 1167 2769 quo

68 2807 93 2845 as
108 2786 180 2844 nihil
195 2795 240 2844 est
253 2785 446 2857 temerarium,
461 2786 532 2843 nihil
546 2788 664 2859 varium,
679 2789 750 2846 nihil
770 2790 928 2849 fortuitum.
970 2791 1054 2850 Ordo
1069 2802 1167 2851 autem

108 2883 238 2941 siderum
253 2892 284 2939 et
298 2883 327 2939 in
341 2883 422 2940 omni
436 2883 606 2941 aeternitate
622 2886 786 2943 constantia
800 2905 896 2961 neque
911 2897 1044 2946 naturam
1058 2890 1166 2964 signifi·

108 2989 157 3038 cat
190 2981 251 3056 (est
278 2979 357 3036 enim
384 2980 472 3054 plena
498 2981 632 3056 rationis)
666 3001 763 3056 neque
792 2964 951 3054 fortunam,
967 3003 1043 3059 quae
1071 2988 1167 3044 amica

107 3076 238 3135 varietati
252 3077 448 3134 constantiam
462 3078 581 3152 respuit.
625 3080 760 3154 Sequitur
770 3097 849 3155 ergo,
861 3090 894 3137 nt
907 3081 971 3155 ipsa
984 3101 1037 3140 sua
1050 3093 1165 3158 sponte,

108 3192 161 3232 suo
176 3191 264 3231 sensu
285 3190 321 3230 ac
342 3173 490 3232 divinitate
512 3186 692 3234 moveantur.
735 3178 801 3234 Nec
821 3196 891 3235 vero
914 3178 1082 3237 Aristoteles
1104 3199 1164 3238 non
1176 3190 1204 3232 44

68 3290 95 3328 ³0
108 3268 273 3328 laudandus
296 3279 339 3326 est
361 3271 390 3328 in
415 3291 461 3343 eo,
480 3270 562 3346 quod
586 3273 694 3344 omnia,
709 3292 784 3348 quae
809 3285 971 3346 moventur,
993 3286 1043 3333 aut
1064 3286 1166 3335 natura

108 3367 218 3425 moveri
241 3367 355 3423 censuit
379 3379 429 3426 aut
450 3368 479 3425 vi
503 3378 553 3425 aut
573 3368 722 3427 voluntate
734 3392 741 3441 3
764 3371 874 3429 moveri
898 3380 997 3430 autem
1019 3373 1111 3430 solem
1136 3383 1165 3432 et

107 3464 204 3522 lunam
228 3473 259 3520 et
282 3462 377 3521 sidera
398 3466 499 3523 omnia
510 3485 518 3536 3
540 3483 616 3538 quae
638 3477 734 3524 autem
758 3477 860 3525 natura
882 3479 1075 3540 moverentur,
1091 3469 1164 3527 haec

108 3572 156 3619 aut
177 3559 315 3636 pondere
338 3561 475 3619 deorsum
498 3571 548 3617 ant
570 3561 684 3619 levitate
712 3561 773 3641 [in]
802 3564 925 3622 sublime
948 3565 1022 3636 ferri,
1040 3585 1165 3640 quorum

81 3669 243 3717 ‘neutrum
269 3657 351 3715 astris
378 3659 570 3731 contingeret,
594 3670 748 3733 propterea
772 3660 853 3734 quod
882 3678 982 3717 eorum
1010 3672 1106 3719 motus
1135 3663 1164 3720 in

68 3773 94 3831 a}
109 3755 211 3814 orbem
233 3753 407 3828 'circumque
433 3754 561 3811 serretur.
604 3754 670 3810 Nec
688 3772 759 3813 vero
783 3754 845 3815 diei
870 3765 970 3833 potest
986 3757 1021 3816 ui
1036 3756 1174 3832 quadam
