2504 4170
146 291 208 338 100
471 287 520 336 DE
541 286 687 338 NATURA
707 284 870 336 DEORUM.

140 445 251 501 volunt.
294 444 420 501 Dianam
443 452 541 499 autem
566 452 594 498 et
620 444 732 499 Lunam
758 439 886 498 eandem
910 458 977 498 esse
1002 448 1116 516 putant,
1136 457 1185 498 cun
1217 445 1219 450 ’

142 542 189 600 Sol
204 541 300 599 dictus
321 542 366 611 sit,
381 541 426 597 vel
441 540 508 613 quia
532 539 610 596 solus
624 558 661 596 ex
675 539 811 596 omnibus
826 537 976 595 sideribus
991 548 1038 595 est
1052 548 1143 596 tantus
1154 537 1186 595 vel

141 641 218 714 quia,
234 658 302 695 enm
326 649 369 695 est
393 648 518 706 eminus,
535 637 696 695 obscuratis
711 636 847 693 omnibus
870 636 952 693 solus
974 645 1107 710 apparet,
1123 636 1187 693 Luna

141 756 158 794 a
177 736 305 794 lucendo
328 737 478 793 nominata
500 736 535 791 sit
547 755 555 806 ;
577 734 683 792 eadem
706 744 750 791 est
771 733 850 789 enim
875 733 1001 790 Lucina.
1048 734 1187 807 Itaque‚ut

141 834 221 909 apud
246 837 378 893 Graecos
404 834 540 903 Dianam,
562 851 687 906 eamque
712 831 888 899 Luciferam,
910 831 954 887 sie
981 830 1066 905 apud
1093 840 1203 887 nostrast

142 933 289 989 Iunonem
313 931 456 988 Lucinam
479 930 508 987 in
529 929 673 1005 pariendo
695 929 852 999 invocant,
873 946 953 1003 quae
977 927 1089 986 eadem
1111 927 1189 985 Diana

142 1030 332 1103 ‘omnivaga’
348 1028 462 1098 dicitur,
477 1046 538 1085 non
553 1046 571 1084 a
584 1026 730 1097 venando,
744 1024 797 1083 sed
811 1024 906 1099 quod'
917 1026 949 1083 in
970 1036 1090 1101 septem
1104 1042 1188 1083 nume-

103 1136 129 1175 tt
141 1136 218 1183 ratur
232 1137 382 1200 tamquam
396 1125 577 1199 vagantibus.
620 1125 716 1182 Diana
729 1123 816 1192 dicta,
831 1123 903 1196 quia
916 1132 1012 1181 noctu
1028 1124 1111 1197 quasi
1125 1121 1189 1180 dien

141 1223 278 1279 efficeret,
320 1222 484 1280 Adhibetur
497 1232 596 1278 autem
610 1219 649 1278 ad
670 1230 777 1295 partus,
792 1218 875 1294 quod
896 1220 917 1277 ii
938 1229 1141 1278 maturescunt
1153 1228 1190 1276 aut

141 1331 255 1395 septem
269 1338 330 1377 non
344 1338 505 1393 numquam
520 1329 579 1389 aut,
590 1328 622 1375 ut
636 1318 818 1392 plerumque,
833 1336 945 1375 novem
959 1318 1051 1376 lunae
1066 1318 1209 1387 cursibus,¹⁰

141 1419 190 1491 qui
205 1419 274 1492 quia
287 1436 391 1474 mensa
410 1417 503 1491 spatia
525 1416 696 1486 conficiunt,
713 1416 865 1471 ‘menses'
880 1415 1084 1474 nominantur.
1126 1416 1189 1474 Con-

141 1516 296 1589 cinneque,
311 1525 342 1571 ut
357 1514 457 1584 multa,
471 1514 619 1584 Timaeus,
635 1513 686 1587 qui
708 1531 777 1568 cum
802 1512 831 1569 in
856 1511 979 1570 historia
1002 1512 1132 1583 dixisset,
1146 1528 1190 1586 qua

140 1623 229 1669 nocte
244 1623 329 1669 natus
343 1611 509 1668 Alexander
521 1621 608 1681 esset,
624 1609 729 1668 eadem
751 1609 865 1666 Dianae
888 1610 1041 1684 Ephesiae
1064 1610 1190 1685 templum

141 1708 354 1783 deflagravisse‚
370 1708 501 1765 adiunxit
515 1709 636 1765 minime
654 1707 685 1765 id
707 1725 772 1764 esse
795 1706 976 1778 mirandum,
992 1707 1077 1781 quod
1100 1707 1190 1776 Diana,

142 1825 209 1863 cum
246 1808 274 1863 in
303 1818 386 1880 partu
416 1806 599 1880 Olympiadis
632 1805 736 1863 adesse
762 1803 912 1873 voluisset,
948 1805 1071 1863 afuisset
1103 1804 1212 1863 domat

143 1904 227 1977 Quae
243 1915 340 1960 autem
356 1902 413 1960 (lea
426 1902 464 1959 ad
479 1922 525 1958 res
540 1922 643 1960 omnes
657 1903 776 1971 veniret,
791 1902 942 1957 Venerem
956 1903 1051 1959 nostri
1072 1900 1190 1959 nomina·

141 2011 253 2071 venint,
282 2013 370 2074 atque
406 2019 442 2056 ex
477 2019 513 2056 ea
540 2000 638 2075 potius
667 1999 838 2055 ‘venustas'
866 2015 959 2071 quam
996 1999 1134 2057 ‘Venus'
1163 2014 1192 2053 er

142 2108 303 2155 vermstate.

98 2173 136 2279 ἓξ
182 2195 334 2251 Videtisne
349 2195 441 2268 igitur,
453 2204 484 2250 ut
496 2213 513 2249 a
527 2193 653 2269 physicis
668 2193 754 2250 rebus
768 2192 844 2249 bene
856 2201 948 2266 atque
958 2193 1070 2250 utiliter
1083 2190 1193 2250 inventis

141 2303 233 2349 tracta
246 2292 319 2347 ratio
333 2293 369 2347 sit
384 2290 421 2347 ad
437 2291 660 2347 commenticios
676 2300 705 2347 et
719 2289 803 2345 fictos
818 2287 913 2344 deos?
935 2306 1014 2363 quae
1036 2307 1085 2348 res
1105 2288 1215 2364 genuit„
1251 2283 1252 2360 ff

141 2390 224 2446 falsas
239 2390 394 2462 opiniones
416 2406 585 2461 erroresque
607 2387 788 2444 turbulentos
811 2394 840 2441 et
862 2386 1089 2460 superstitiones
1110 2401 1193 2462 paene

141 2487 240 2543 aniles.
284 2487 322 2542 lit
346 2485 457 2541 formae
480 2485 558 2540 enim
583 2485 669 2542 nobis
694 2484 818 2541 deorum
840 2486 872 2539 et
895 2493 1009 2542 aetates
1035 2494 1067 2543 et
1087 2484 1195 2541 vestitus

142 2595 319 2657 omatusque
344 2583 405 2640 noti
431 2593 506 2652 sunt,
529 2600 637 2655 genera
660 2590 818 2656 praeterea,
840 2580 989 2655 coniugia,
1012 2582 1195 2658 cognationes
1243 2559 1246 2574 ⁸

143 2682 298 2753 omniaque
327 2681 461 2738 traducta
488 2678 527 2735 ad
559 2679 779 2735 similitudinem
806 2677 1006 2736 inbecillitatis
1038 2679 1195 2748 humanae3

142 2798 210 2834 nam
226 2788 254 2833 et
269 2778 442 2851 perturbatis
457 2777 561 2832 animis
577 2775 774 2847 inducuntur5
796 2773 968 2847 accepimus
983 2776 1068 2833 enim
1082 2776 1219 2834 deorumn

143 2874 327 2949 cupiditates,
336 2873 541 2949 aegritudines,
556 2872 721 2930 iracundias
733 2893 740 2944 ;
763 2890 820 2928 nec
829 2889 908 2941 vem,
921 2881 955 2929 ut
969 2872 1087 2932 fabulae
1101 2875 1197 2942 serunt,

143 2972 224 3028 bellis
239 2972 413 3045 proeliisque
429 2979 591 3040 camerunt,
607 2987 668 3027 nec
679 2970 783 3039 solum,
798 2977 830 3025 ut
845 2966 923 3042 apud
941 2969 1123 3043 Homerum,
1137 2987 1197 3028 cum

143 3069 203 3125 duo
218 3069 360 3125 exereitus
375 3067 535 3123 contrarios
552 3068 600 3124 alii
615 3066 664 3125 dei
688 3086 725 3124 ex
747 3066 803 3122 alia
823 3074 905 3140 parte
929 3064 1138 3141 defenderent,
1151 3064 1198 3127 sed

143 3166 239 3234 etiam,
263 3174 294 3220 ut
318 3183 384 3221 cum
407 3163 529 3232 TitaniS,
552 3172 584 3220 ut
606 3181 677 3221 cum
703 3163 884 3237 Gigantibus
906 3180 962 3220 sua
985 3167 1109 3241 propria
1130 3165 1200 3225 bella

142 3270 301 3336 gesserunt.
345 3263 432 3318 Haec
455 3270 484 3316 et
499 3259 635 3319 dicuntur
650 3268 679 3316 et
694 3259 852 3318 ereduntur
873 3259 1044 3321 stultissime
1068 3274 1101 3323 et
1120 3264 1225 3341 plenas

104 3368 210 3418 nsunt
238 3358 388 3415 futtilitatis
416 3375 607 3430 summaeque
636 3357 769 3416 levitatis.
812 3356 870 3415 Sed
898 3366 999 3417 tamen
1028 3360 1076 3421 his
1104 3361 1201 3421 fabulis

143 3456 246 3530 spretis
261 3473 295 3510 ac
316 3455 475 3530 repudiatis
490 3452 563 3510 deus
584 3456 735 3528 pertinens
759 3473 811 3530 per
832 3463 964 3511 naturam
987 3458 1135 3535 cuiusque
1156 3458 1201 3527 mi,

143 3571 196 3628 per
217 3562 306 3608 terras
332 3553 430 3621 Cerea,
452 3569 506 3626 per
530 3553 618 3609 maria
644 3552 811 3625 Neptunus,
833 3552 879 3608 alii
904 3553 1045 3626 peralta,
1071 3562 1202 3631 poterunt

143 3648 271 3722 intellegi
296 3649 346 3721 qui
371 3648 531 3723 qualesque
559 3648 625 3719 sint,
650 3666 773 3725 quoqne
802 3667 852 3706 eos
875 3648 995 3705 nomine
1020 3650 1203 3711 consuetudo

143 3746 365 3818 nuncupaverit,
381 3746 438 3801 hoc
462 3761 514 3800 eos
537 3752 566 3800 et
584 3746 718 3804 venerari
743 3756 772 3805 et
792 3745 886 3802 colere
906 3743 1062 3807 debemus.
1106 3748 1230 3809 Culttus
