2498 4170
112 248 158 312 66
442 263 491 312 ne
512 264 658 313 narona
681 261 842 312 pronora

114 415 153 474 ad
165 416 282 475 beatam
295 416 384 474 vitam
397 417 571 491 pertineant,
585 426 685 474 ventre
707 415 810 486 metiri,
824 430 920 488 neque
934 409 965 469 id
979 410 1074 469 semel
1086 408 1164 481 dicit,

113 512 168 571 sed
192 514 316 588 saepius.
358 513 495 571 Adnuere
524 523 553 570 te
579 513 667 571 video
678 533 687 584 ;
712 522 783 569 nota
806 511 885 568 enim
911 508 964 566 tibi
991 517 1080 579 sunt3
1101 524 1164 582 pro·

114 611 218 668 serrem
240 611 335 681 libros,
358 611 384 668 si
407 627 537 685 negares.
580 610 687 684 Neque
709 626 788 665 nunc
810 604 1004 681 reprehendo,
1022 601 1106 678 quod
1130 600 1166 659 ad

114 709 293 782 voluptatem
315 708 416 764 omnia
434 708 593 764 reserantur
610 707 682 782 (alia
700 715 745 762 est
765 723 801 762 ea
819 701 981 779 quaestio),
996 699 1051 758 sed
1071 698 1165 757 doceo

115 804 188 862 deos
202 814 313 862 vestros
327 822 391 861 esse
401 804 557 878 voluptatis
572 814 715 878 expertes,
727 804 768 859 ita
780 811 875 858 vestro
889 798 999 856 iudicio
1013 815 1053 854 ne
1067 797 1166 854 beatos
1182 810 1191 849 s

72 876 109 983 fl}
117 901 246 976 quidem.
288 902 326 959 At
340 900 441 959 dolore
456 910 570 957 vacant.
612 901 692 958 Satin
707 898 796 957 estid
811 897 849 955 ad
870 897 947 954 illam
967 892 1166 953 abundantem

114 997 200 1056 bonis
220 998 309 1056 vitam
334 997 551 1055 beatissimam?
593 997 719 1071 Cogitat,
741 997 883 1070 inquiunt,
905 991 1028 1050 adsidue
1049 991 1168 1049 beatum

115 1111 180 1153 esse
203 1113 234 1153 se
245 1115 254 1168 ;
275 1094 365 1153 habet
386 1095 465 1150 enim
487 1093 558 1150 nihil
577 1093 664 1163 aliud,
682 1093 763 1167 quod
783 1093 871 1167 agitet
887 1091 917 1148 in
936 1097 1046 1147 mente.
1089 1088 1167 1145 Con·

115 1191 265 1267 prehende
280 1192 366 1267 igitur
379 1191 477 1248 animo
492 1199 669 1264 et'propone
684 1199 752 1246 ante
766 1189 868 1246 oculos
887 1185 976 1244 deum
997 1185 1070 1242 nihil
1090 1181 1168 1242 aliud

116 1291 147 1348 in
180 1292 261 1348 omni
288 1291 457 1348 aeternitate
496 1289 551 1346 nisi
587 1288 694 1346 ‘Mihi
728 1287 881 1362 pulchre
917 1286 986 1342 est’
1011 1294 1042 1341 et
1077 1285 1200 1359 ‘Ego¹⁰

116 1386 245 1445 beatus
266 1389 357 1445 sum'
379 1386 566 1461 cogitantem.
609 1385 675 1441 Nec
690 1393 789 1442 tamen
804 1383 900 1455 video,
916 1399 976 1457 quo
996 1380 1088 1438 modo
1109 1398 1169 1438 non

116 1494 247 1541 vereatur
264 1485 316 1542 iste
337 1483 410 1541 deus
430 1483 541 1553 beatuS,
563 1499 601 1538 ne
622 1482 753 1551 intereat,
775 1499 844 1537 curn
865 1481 927 1538 sine
948 1478 1007 1536 ulla
1026 1478 1168 1536 interrnis·
1197 1494 1200 1501 ·

118 1581 199 1638 sione
226 1581 355 1655 pulsetur
382 1580 563 1654 agiteturque
595 1588 760 1636 atomorum
788 1577 953 1635 incursione
982 1576 1169 1649 sempiterna,

117 1695 244 1751 cumque
263 1694 300 1734 ex
316 1677 380 1751 ipso
399 1677 538 1750 imagines
557 1693 673 1751 semper
690 1675 819 1732 affluant.
863 1675 909 1731 Ita
927 1690 984 1730 nec
1001 1673 1105 1731 beatus
1127 1681 1170 1730 est

116 1784 211 1831 vester
224 1774 297 1832 deus
311 1791 367 1831 nec
381 1783 524 1830 aeternus.
1182 1786 1202 1825 ιε

75 1881 112 1923 us
157 1872 195 1927 At
209 1870 296 1928 etiam
311 1869 348 1928 de
364 1870 525 1939 sanctitate,
541 1868 579 1926 de
593 1869 701 1943 pietate
724 1868 861 1926 adversus
875 1868 949 1926 deos
970 1868 1058 1926 libros
1079 1868 1169 1942 scrip·

118 1966 154 2024 sit
176 1967 327 2042 Epicurus.
370 1967 407 2023 At
428 1984 488 2041 quo
510 1964 601 2022 modo
627 1967 656 2022 in
681 1966 725 2023 his
747 1966 895 2040 loquitur?
936 1967 978 2024 Ut
996 1966 1040 2023 Τι’.
1056 1965 1169 2024 Corun-

118 2063 234 2120 canium
255 2072 305 2120 aut
322 2064 353 2120 P.
369 2062 549 2132 Scaevolam,
565 2062 719 2137 pontifices
743 2064 895 2133 maximos,
910 2073 940 2120 te
963 2061 1062 2120 audire
1078 2061 1170 2135 dicas,

118 2177 178 2216 non
192 2176 269 2230 eum,
284 2160 334 2233 qui
355 2160 499 2216 sustulerit
512 2176 631 2216 omnem
653 2159 783 2217 funditus
805 2160 975 2235 religionem
998 2178 1055 2217 nec
1078 2161 1171 2218 mani-

118 2255 181 2326 bus,
203 2266 235 2312 ut
255 2257 369 2325 Xerses,
391 2254 445 2314 sed
465 2256 623 2314 rationibus
647 2255 770 2314 deorum
793 2258 988 2316 inmortalium
1009 2259 1119 2334 templa
1142 2269 1208 2317 et„

118 2370 181 2410 aras
195 2353 335 2410 everterit.
378 2353 459 2426 Quid
473 2363 517 2410 est
532 2353 620 2423 enirn,
636 2372 689 2410 cur
704 2354 776 2411 deos
794 2356 832 2413 ab
846 2356 1013 2414 hominibus
1028 2355 1173 2415 colendos

120 2447 208 2519 dicas,
230 2467 297 2506 cum
320 2448 369 2507 dei
393 2468 454 2507 non
478 2449 569 2507 modo
594 2450 728 2508 homines
756 2470 816 2510 non
845 2454 951 2524 colant,
967 2453 1020 2511 sed
1048 2455 1173 2513 omnino

76 2544 189 2603 nonihil
210 2556 320 2616 curent,
336 2545 405 2603 nihil
426 2548 533 2622 agant?
574 2550 612 2605 At
627 2558 670 2606 est
685 2567 787 2607 eorum
807 2552 913 2609 eximia
926 2551 1071 2626 quaedam
1086 2569 1171 2626 prae-

119 2651 256 2716 stansque
270 2652 380 2714 natura,
391 2653 423 2700 ut
434 2661 470 2700 ea
478 2642 586 2702 debeat
601 2645 663 2720 ipsa
675 2664 730 2721 per
742 2665 774 2704 se
789 2646 827 2705 ad
841 2666 873 2705 se
888 2647 1043 2707 colendam
1055 2648 1173 2707 allicere

120 2739 289 2813 sapientem.
332 2739 379 2796 An
396 2739 552 2815 quicquam
576 2743 714 2801 eximium
735 2753 834 2819 p‘otest
856 2764 920 2803 esse
944 2745 974 2803 in
999 2763 1035 2802 ea
1058 2754 1172 2817 natura,
1186 2771 1211 2810 ις

120 2853 194 2910 quae
209 2852 262 2893 sua
274 2835 422 2910 voluptate
437 2837 547 2895 laetans
562 2838 632 2895 nihil
652 2858 709 2896 nec
731 2851 831 2897 actura
853 2841 889 2899 sit
910 2860 1051 2915 umquam
1073 2859 1172 2916 neque

120 2941 185 3006 agat
199 2949 295 3006 neque
311 2933 421 3008 egerit?
441 2953 516 3008 quae
531 2953 618 3010 porro
632 2936 724 3011 pietas
738 2936 766 2994 ei
780 2936 912 3007 debetur,
928 2957 945 2994 a
959 2956 1019 3011 quo
1032 2937 1103 2994 nihil
1122 2925 1172 2994 ac-

120 3029 252 3104 ceperis?
272 3037 323 3086 aut
336 3028 407 3102 quid
421 3032 553 3103 omnino,
567 3033 649 3090 cuius
670 3033 781 3091 nullum
805 3034 939 3091 meritum
961 3035 1005 3104 sit,
1021 3034 1048 3091 ei
1070 3033 1173 3093 deberi

120 3126 237 3200 potest?
278 3127 331 3184 Est
351 3127 430 3185 enirn
451 3128 543 3203 pietas
565 3129 671 3186 iustitia
692 3129 846 3187 adversum
865 3130 961 3201 ,deos3
982 3149 1051 3187 cum
1066 3131 1172 3205 quibus

121 3221 192 3296 quid
206 3230 304 3297 potest
316 3223 402 3282 nobis
417 3241 480 3282 esse
495 3225 571 3295 iuris,
584 3243 651 3282 cum
666 3225 779 3283 homini
792 3227 869 3283 nulla
883 3245 952 3284 cum
966 3226 1025 3285 deo
1039 3228 1075 3284 sit
1089 3246 1171 3285 com·
1186 3253 1212 3292 ³0

121 3318 267 3379 munitas?
307 3320 448 3380 Sanctitas
477 3332 574 3380 autem
598 3332 643 3380 est
667 3323 789 3380 scientia
813 3322 1004 3380 colendorum
1028 3323 1171 3396 deorum;

121 3416 273 3491 quiquam
293 3417 408 3477 obrem
431 3418 549 3476 colendi
569 3419 635 3490 sint,
647 3436 709 3477 non
722 3418 867 3494 intellego,
882 3419 962 3477 nullo
976 3438 1032 3476 nec
1046 3431 1172 3497 accepto

122 3512 159 3571 ab
174 3512 207 3570 iis
221 3530 277 3571 nec
291 3524 406 3589 sperato
420 3513 509 3573 bono.
1187 3585 1190 3591 ¹

77 3586 115 3696 ff}
164 3607 243 3683 Quid
258 3618 301 3668 est
316 3620 423 3681 antem,
438 3610 519 3686 quod
534 3610 607 3669 deos
620 3629 794 3670 veneremur
809 3622 929 3687 propter
949 3611 1172 3672 admirationem

121 3706 182 3765 eius
203 3713 331 3780 naturae,
351 3705 381 3765 in
403 3724 461 3782 qua
481 3707 631 3783 egregium
655 3707 726 3765 nihil
738 3707 908 3767 videamus?
942 3711 1021 3767 Nam
1037 3711 1212 3784 supersti-aa
