2504 4170
116 207 160 285 84
444 217 494 267 oa
514 217 659 268 uarum
682 217 841 268 nanuum

115 375 205 433 simus
219 370 434 431 circumfundat
447 371 517 429 aer?
537 380 569 429 ut
582 371 622 429 ob
636 389 701 429 eam
715 371 809 447 ipsam
830 391 957 445 causam,
980 375 1064 451 quod
1086 377 1173 436 etiam

115 470 291 547 quibusdam
329 469 496 544 regionibus
536 479 624 543 atque
663 469 782 527 urbibus
820 471 991 546 contingere
1029 473 1172 547 videmus,

116 569 266 627 hebetiora
292 576 325 625 ut
352 567 408 624 sint
436 565 589 622 hominum
616 565 733 640 ingenia
760 576 879 641 propter
907 569 982 626 caeli
1009 571 1172 645 pleniorem

116 676 258 736 naturam,
273 663 331 721 hoc
345 663 424 720 idem
438 663 538 736 generi
552 661 681 720 humano
703 664 838 734 evenerit,
853 663 936 738 quod
956 665 988 723 in
1008 675 1094 739 terra,
1116 667 1173 726 hoc

78 779 103 821 ra
116 774 160 821 est
174 763 203 820 in
217 761 394 819 crassissima
406 759 525 834 regione
541 757 653 829 mundi,
668 759 814 817 conlocati
833 761 899 818 sint
942 762 981 819 Et
1008 771 1111 822 tamen
1137 783 1173 823 ex
1188 788 1198 827 s

115 860 179 935 ipsa
199 859 352 917 hominum
372 857 497 916 sollertia
517 874 581 913 esse
604 855 730 930 aliquam
752 866 889 928 mentem,
911 868 942 916 et
961 877 1029 917 eam
1050 860 1173 936 quidem

115 957 257 1014 acriorem
293 964 323 1013 et
359 954 496 1024 divinam,
535 953 697 1011 existimare
725 952 877 1011 debemus.
920 955 1044 1014 ‘Unde
1076 959 1173 1016 enirn

116 1053 210 1111 hanc
230 1053 337 1111 homo
357 1051 553 1127 arripuit?'
575 1061 606 1108 ut
622 1051 662 1108 ait
675 1049 756 1124 apud
777 1050 1005 1125 Xenophontem
1027 1054 1171 1114 Socrates.

116 1151 197 1226 Quin
225 1159 255 1208 et
281 1167 414 1207 umorem
441 1158 470 1206 et
498 1148 635 1218 calorem,
664 1147 714 1222 qui
743 1156 787 1205 est
815 1147 894 1204 susus
921 1149 951 1206 in
979 1167 1116 1225 corpore,
1144 1160 1173 1210 et

115 1257 259 1307 terrenam
283 1247 377 1321 ipsam
401 1247 546 1303 viscerum
570 1244 755 1316 soliditatem,
781 1244 911 1302 animum
936 1244 1066 1320 denique
1091 1248 1205 1307 illumio

115 1344 291 1421 spirabilem,
305 1343 329 1401 si
344 1343 408 1417 quis
422 1352 550 1417 quaerat,
565 1342 644 1400 unde
659 1341 828 1413 habeamus,
844 1352 973 1416 apparet,
989 1343 1072 1416 quod
1094 1345 1173 1404 aliud

116 1461 134 1499 a
147 1453 223 1501 terra
234 1441 420 1515 sumpsimus,
435 1439 513 1497 aliud
527 1440 565 1498 ab
579 1458 689 1510 umore,
705 1439 783 1498 aliud
797 1440 835 1498 ab
855 1440 924 1515 igni,
945 1440 1024 1498 aliud
1046 1442 1084 1499 ab
1106 1444 1172 1501 aere

82 1541 164 1609 le0,
191 1556 281 1613 quem
308 1538 409 1613 spiritu
437 1537 581 1595 ducimus.
624 1537 701 1594 Illud
732 1548 839 1608 autem,
868 1537 950 1612 quod
979 1538 1070 1597 vincit
1098 1539 1173 1599 haec

116 1637 224 1707 omnia,
248 1636 390 1693 rationem
415 1633 483 1691 dico
508 1644 546 1705 et,
574 1634 598 1691 si
623 1634 720 1708 placet
747 1635 874 1709 pluribus
901 1636 1004 1708 verbis,
1030 1648 1172 1711 mentem,

115 1733 279 1803 consilium,
314 1731 531 1806 cogitationem,
562 1730 756 1805 prudentiam,
787 1732 836 1789 ubi
871 1732 1057 1792 invenimus?
1091 1737 1172 1795 unde
1185 1760 1205 1798 ιε

115 1831 303 1887 sustulimus?
343 1831 389 1887 An
417 1838 516 1886 cetera
543 1827 669 1886 mundus
698 1828 816 1887 habebit
843 1827 951 1901 omnia,
980 1831 1038 1889 hoc
1069 1852 1172 1906 unum,

115 1926 197 2002 quod
224 1926 338 2002 plurimi
366 1935 418 1996 est,
447 1944 508 1982 non
536 1924 674 1982 habebit?
715 1927 802 1999 Atqui
831 1938 909 1984 certe
938 1929 1009 1986 nihil
1036 1933 1173 1991 omnium

115 2042 211 2082 rerum
225 2024 328 2081 melius
342 2033 386 2080 est
400 2023 522 2093 mundo,
537 2023 607 2080 nihil
621 2024 828 2096 praestabilius,
843 2024 914 2082 nihil
935 2027 1092 2100 pulchrius,
1115 2049 1172 2089 nec

116 2121 210 2179 solum
227 2121 298 2178 nihil
312 2130 364 2191 est,
379 2119 432 2178 sed
447 2138 484 2176 ne
499 2120 618 2195 cogitari
634 2120 753 2194 quidem
768 2121 926 2196 quicquam
947 2125 1048 2184 melius
1063 2137 1171 2203 potest.

117 2219 156 2276 Et
182 2218 206 2275 si
227 2217 339 2275 ratione
364 2227 393 2274 et
415 2217 558 2291 sapientia
581 2216 652 2273 nihil
675 2227 719 2274 est
745 2218 854 2289 melius,
880 2238 1002 2281 necesse
1027 2234 1072 2283 est
1097 2226 1171 2284 haec
1184 2255 1207 2282 ω

78 2328 104 2370 rs
116 2315 210 2373 inesse
235 2315 265 2372 in
289 2333 335 2384 e0‚
361 2313 442 2388 quod
466 2313 611 2389 optimum
635 2331 699 2370 esse
728 2315 929 2376 concedimus.
972 2320 1053 2393 Quid
1081 2325 1174 2382 vero?

115 2420 196 2469 tanta
208 2430 304 2469 rerum
318 2411 513 2482 consentiens,
528 2411 707 2485 conspirans,
730 2413 900 2471 continuata
921 2419 1058 2492 cognatio
1080 2437 1172 2494 quem

115 2527 176 2566 non
191 2519 277 2584 coget
291 2527 335 2578 ea,
349 2526 425 2583 quae
440 2507 577 2566 dicuntur
590 2526 608 2565 a
626 2527 683 2580 me,
705 2511 907 2584 conprobare?
949 2517 1090 2575 Possetne
1111 2537 1173 2577 uno

115 2615 247 2682 tempore
262 2606 372 2677 florere,
387 2605 457 2664 dein
471 2607 598 2663 vicissim
613 2606 729 2665 horrere
744 2611 840 2667 terra?
860 2622 910 2669 aut
929 2623 972 2671 tot
992 2614 1079 2673 rebus
1102 2616 1172 2691 ipsis

115 2721 146 2761 se
164 2704 372 2761 inmutantibus
390 2702 458 2760 solis
474 2721 609 2760 accessus
630 2704 834 2781 discessusque
854 2708 980 2767 solstitiis
1000 2710 1172 2788 brumisque
1184 2739 1206 2776 οε

115 2800 276 2875 cognosci?
297 2808 347 2857 aut
367 2808 464 2857 aestus
488 2801 622 2857 maritimi
644 2802 841 2879 fretorumque
862 2807 1012 2881 angustiae
1034 2818 1099 2868 ortu
1120 2820 1172 2870 aut

115 2897 196 2956 obitu
211 2898 295 2955 lunae
311 2897 512 2954 commoveri?
530 2907 581 2956 aut
594 2917 653 2956 una
667 2901 754 2959 totius
769 2902 842 2959 caeli
857 2905 1048 2964 conversione
1070 2924 1171 2967 cursus

115 3005 256 3051 astrorum
271 2993 400 3068 dispares
415 2995 600 3052 conservari?
643 2998 728 3054 Haec
750 2998 789 3056 ita
807 3000 869 3057 fieri
890 3002 1026 3060 omnibus
1046 3003 1122 3062 inter
1139 3023 1170 3064 se

86 3082 87 3085 '
116 3090 338 3148 concinentibus
352 3089 455 3148 mundi
470 3092 598 3165 partibus
612 3094 745 3166 profecto
760 3113 821 3152 non
835 3107 965 3170 possent,
980 3099 1034 3156 nisi
1053 3118 1089 3158 ea
1109 3121 1171 3161 uno

76 3185 214 3244 todivino
235 3196 265 3243 et
285 3187 456 3244 continuato
477 3189 577 3262 spiritu
599 3190 825 3249 continerentur.
868 3196 965 3268 Atque
996 3195 1070 3254 haec
1101 3217 1169 3257 cunr
1183 3230 1207 3268 ,ο

114 3283 230 3341 uberius
257 3282 442 3358 disputantur
468 3295 498 3341 et
525 3286 624 3356 fusius,
652 3297 685 3343 ut
713 3288 783 3345 mihi
811 3299 855 3346 est
882 3290 911 3347 in
939 3292 1039 3350 animo
1063 3295 1170 3368 facere,

114 3379 224 3437 facilius
252 3379 392 3454 effugiunt
421 3381 666 3440 Academicorum
694 3384 869 3443 calumniam
881 3407 888 3458 ;
911 3406 980 3447 cum
1005 3401 1113 3462 autem,
1138 3405 1170 3452 ut

113 3477 194 3534 Zeno
207 3477 329 3546 solebat,
343 3477 458 3535 brevius
473 3480 679 3553 angustiusque
695 3481 919 3554 concluduntur,
941 3495 1003 3542 tum
1024 3489 1170 3561 apertiora

113 3572 237 3631 suntad
258 3572 505 3647 reprendendum.
548 3576 626 3632 Nam
647 3585 679 3633 ut
700 3577 845 3650 profluens
866 3581 960 3639 amnis
980 3594 1030 3641 aut
1050 3585 1098 3642 vix
1119 3586 1169 3644 aut

113 3671 193 3728 nullo
220 3669 323 3739 m0d0‚
351 3670 491 3728 conclusa
525 3681 624 3730 autem
658 3690 734 3746 aqua
768 3674 851 3733 facile
886 3680 1096 3754 conrumpitur,
1124 3684 1168 3741 sic
1181 3710 1205 3749 ῃ
