2504 4170
246 286 314 338 ιω.
325 286 375 337 nr.
407 285 469 336 cm
480 284 581 346 xv111,
592 285 665 337 xrx.
699 288 730 351 ςς
744 299 835 355 45-5a
1002 290 1016 341 r
1022 288 1060 359 51

70 458 245 519 possumus
266 439 383 516 fingere.
426 437 518 514 Quod
538 438 562 498 si
582 438 642 498 veri
662 442 755 499 simile
774 458 837 501 non
857 452 909 516 est,
931 460 970 502 ne
992 443 1063 505 illud

58 537 126 597 lem
141 548 200 608 est,
216 537 293 595 haec
306 536 385 595 unde
398 535 551 595 linxerunt.
592 536 673 611 Quid
692 547 791 595 autem
805 538 888 611 dicis,
903 541 927 599 si
946 541 977 600 di
996 545 1107 604 suntlb

64 652 145 712 quos
160 634 288 694 colimus
302 644 331 692 et
344 633 522 708 accepimus,
536 651 589 691 cur
601 651 662 692 non
679 632 787 693 eodem
804 636 834 694 in
853 654 959 713 genere
981 640 1062 699 Sera·

58 752 66 791 ι
95 733 233 808 Isimque
255 731 460 790 numeremus?
488 729 569 805 quod
593 731 618 789 si
642 730 773 802 iacimus,
796 751 849 791 cur
876 732 1064 795 barbarorum

58 848 80 889 »s
98 828 313 906 repudiemus?
352 829 447 886 Boves
466 827 552 902 igitur
569 836 599 884 et
613 845 715 902 equos,
730 829 794 901 ibis,
810 830 971 905 accipitres,
986 833 1062 908 aspi-

58 967 70 999 .,
97 924 277 996 crocodilos,
301 924 405 1000 pisces,
430 942 528 994 canes,
553 924 647 999 lupos,
671 925 760 996 saehs,
784 926 888 985 multas
913 938 1064 1002 praeterea

58 1041 111 1082 uas
135 1021 166 1081 in
191 1022 315 1082 deorum
338 1039 492 1079 numerum
514 1039 700 1096 reponemus.
742 1021 827 1096 Quae
852 1024 876 1082 si
898 1024 1062 1098 reiciamus,

80 1137 212 1195 quoque,
233 1117 313 1176 unde
336 1117 409 1176 haec
434 1127 503 1175 nata
526 1127 602 1188 sunt,
624 1118 787 1177 reiciemus.
830 1120 911 1194 Quid
933 1119 1102 1181 deinde?te

58 1235 67 1274 t
81 1215 140 1274 dea
153 1215 280 1274 ducettu
294 1225 325 1273 et
338 1213 477 1272 Λευκοθέα
490 1232 510 1271 a
522 1214 652 1284 Graecis,
668 1233 687 1272 a
704 1214 789 1274 nobis
804 1218 919 1275 Matuta
938 1216 1062 1291 dicetur,

58 1332 81 1371 n
102 1312 139 1370 sit
159 1311 267 1372 Cadmi
287 1311 353 1382 filia,
368 1311 454 1370 Circe
474 1321 573 1368 autem
594 1320 625 1368 et
647 1311 789 1386 Pasiphae
811 1324 841 1370 et
854 1317 948 1372 Aeeta
961 1332 979 1372 e
994 1316 1062 1373 Per·

58 1407 104 1481 de,
128 1408 245 1469 Oceani
267 1407 334 1478 filia,
358 1407 427 1478 nati,
450 1417 532 1482 patre
556 1407 632 1478 Sole,
654 1408 683 1465 in
707 1407 830 1467 deorum
855 1428 979 1469 numero
1001 1429 1063 1471 non

59 1505 217 1565 uehuntur?
237 1521 416 1580 quamquam
429 1503 536 1562 Circen
550 1522 668 1578 quoque
683 1505 781 1564 ccloni
800 1507 892 1565 nostri
913 1507 1061 1566 Circeien-

81 1602 216 1678 religiose
241 1601 348 1659 colunt.
391 1601 470 1676 Ergo
495 1600 571 1658 hanc
594 1600 682 1658 deam
704 1600 817 1660 duces?
841 1603 912 1679 quid
934 1603 1061 1663 Medeae

59 1699 213 1776 pondebis,
236 1715 311 1774 quae
332 1697 449 1756 duobus
469 1697 538 1768 avis,
560 1698 627 1757 Sole
649 1709 678 1756 et
699 1699 833 1771 Oceano,
855 1702 948 1759 Aeeta
970 1712 1061 1777 patre,

59 1807 104 1856 tre
126 1796 212 1873 idyia
232 1806 384 1871 procreata
404 1795 470 1853 est?
496 1793 568 1870 quid
590 1794 674 1853 huius
695 1796 820 1872 Absyrto
840 1798 926 1869 fratri,
948 1799 998 1874 qui
1019 1808 1064 1858 est

59 1892 93 1953 rd
118 1892 278 1952 Pacuvium
301 1891 476 1968 Aegialeus?
501 1890 556 1950 sed
579 1890 651 1949 illud
675 1909 785 1952 nomen
807 1905 939 1952 veterum
963 1895 1063 1954 litteris

59 1990 151 2049 tatius.
194 1989 255 2064 Qui
278 1989 302 2047 si
326 1989 356 2047 di
381 2006 441 2047 non
465 1999 541 2060 sunt,
565 1994 675 2059 vereor,
697 1988 768 2064 quid
792 2000 859 2065 agat
885 1992 940 2050 Ino
951 2012 959 2064 ;
989 1993 1062 2050 haec

60 2106 91 2146 m
111 2087 213 2146 omnia
236 2104 274 2145 ex
296 2084 405 2144 eodem
428 2084 509 2144 fonte
534 2084 686 2143 fluxerunt.
728 2089 775 2143 An
796 2087 989 2162 Amphiaraus
1009 2090 1062 2147 erit
1075 2107 1101 2147 to

59 2203 85 2244 rs
108 2194 140 2243 et
161 2181 373 2257 Trophonius?
414 2182 514 2240 Nostri
538 2182 659 2256 quidem
687 2183 844 2256 publicani,
870 2202 939 2242 curn
966 2196 1063 2243 essent

59 2281 71 2341 i
97 2280 129 2340 in
157 2279 282 2339 Boeotia
308 2278 431 2337 deorum
459 2278 655 2337 inmortalium
683 2280 800 2354 excepti
829 2280 892 2355 lege
920 2283 1062 2355 censoria,

59 2377 157 2452 gabant
170 2375 330 2435 inmortalis
344 2392 408 2433 esse
427 2375 510 2446 ullos,
526 2375 576 2450 qui
596 2375 754 2450 aliquando
776 2375 910 2435 homines
932 2378 1062 2439 luissent.

59 2472 107 2534 lsi
120 2481 190 2532 sunt
206 2471 237 2530 hi
254 2471 295 2543 di,
310 2481 354 2530 est
373 2481 452 2529 certe
474 2472 665 2542 Erechtheus,
681 2473 764 2529 cuius
784 2472 907 2531 Athenis
929 2485 959 2531 et
980 2474 1062 2535 delu-

59 2590 93 2630 m
105 2569 234 2629 vidimus
248 2579 279 2626 et
292 2567 485 2627 sacerdotem.
524 2567 623 2642 Quem
637 2569 661 2625 si
675 2566 765 2626 deum
779 2569 911 2640 facimus,
927 2571 999 2645 quid
1012 2584 1063 2630 aut

61 2666 166 2728 Codro
179 2665 312 2724 dubitare
326 2683 482 2741 possumus
496 2675 545 2722 aut
562 2663 601 2723 de
621 2665 734 2732 ceteris,
750 2666 800 2740 qui
822 2678 987 2741 pugnantes
1010 2688 1063 2744 pro

60 2764 119 2823 riae
138 2764 271 2822 libertate
288 2760 480 2819 ceciderunt?
500 2761 581 2837 quod
597 2762 620 2818 si
635 2761 785 2836 probabile
805 2780 866 2821 non
888 2774 941 2834 est,
956 2782 994 2822 ne
1017 2766 1064 2824 illa

59 2860 130 2921 dem
150 2859 309 2935 superiora,
331 2858 410 2917 unde
431 2857 505 2915 haec
526 2868 655 2928 manant,
674 2858 827 2933 probanda
847 2870 923 2917 sunt.
966 2863 1062 2937 Atque
1075 2881 1100 2922 no

60 2958 206 3036 plerisque
227 2956 390 3014 civitatibus
411 2955 539 3030 intellegi
557 2965 655 3029 potest
669 2955 823 3029 augendae
837 2957 948 3014 virtutis
962 2960 1062 3032 gratia,

59 3054 221 3115 »libentius
235 3053 275 3111 rei
289 3053 423 3128 publicae
438 3071 526 3110 causa
544 3052 706 3126 periculum
725 3052 818 3110 adiret
837 3054 965 3127 optimus
985 3057 1061 3130 quis-

60 3171 75 3225 t,
95 3152 226 3210 virorum
246 3148 363 3207 sortium
383 3150 555 3207 memoriam
577 3147 688 3205 honore
711 3148 835 3206 deorum
857 3149 1062 3209 immortalium

60 3257 221 3308 tseaatam.
263 3246 311 3305 Ob
325 3264 390 3304 earn
406 3247 484 3303 enim
500 3246 592 3319 ipsam
607 3264 725 3302 causant
743 3245 925 3303 Erechtheus
940 3247 1062 3306 Athenis

60 3363 143 3421 teque
165 3343 228 3402 eius
248 3342 278 3401 in
298 3359 421 3400 numero
440 3342 564 3399 deorum
581 3352 667 3412 sunt;
689 3342 818 3417 itemque
834 3345 851 3413 t
869 3343 1062 3402 Leonaticum

77 3440 235 3500 delubrum
263 3438 393 3509 Athenis,
418 3437 500 3512 quod
529 3439 694 3496 Leocorion
718 3439 893 3497 nominatur.
936 3440 1061 3498 Alaban·

60 3556 115 3597 tses
135 3533 257 3613 quidem
277 3535 405 3594 sanctius
425 3529 613 3592 Alabandum
634 3533 744 3605 colunt,
760 3553 777 3591 a
795 3554 855 3609 quo
870 3546 914 3593 est
929 3536 996 3595 urbs
1015 3536 1062 3594 illa

60 3634 137 3708 tditn,
159 3651 250 3709 quam
272 3650 449 3709 quemquam
472 3631 612 3689 nobilium
635 3631 758 3688 deorum
770 3652 778 3702 3
801 3629 881 3705 apud
903 3650 978 3706 quos
1001 3651 1062 3691 non

60 3730 150 3793 rhene
171 3729 360 3800 Stratonicus,
377 3737 409 3785 ut
433 3728 532 3798 multa,
553 3745 623 3784 cum
644 3726 765 3802 quidam
785 3727 813 3784 ei
834 3726 973 3785 molestus
994 3727 1060 3787 Ala·
