2504 4170
117 275 160 341 9²
445 275 495 325 ou
516 275 662 326 unwan
684 274 845 326 uuouuu.

117 428 228 486 maiore
252 427 324 501 fieri,
345 437 378 487 ut
401 439 504 487 contra
526 437 659 487 naturam
684 438 760 487 astra
780 436 974 502 moveantur;
1000 446 1080 504 quae
1104 428 1177 488 enim

117 536 215 601 potest
229 526 321 584 maior
335 528 420 584 esse?
462 528 564 583 Restat
582 527 675 600 igitur,
690 536 722 582 ut
742 535 839 583 motus
860 535 1006 583 astrorum
1028 526 1067 584 sit
1080 527 1177 585 volun·

117 624 214 681 tarius.
257 623 341 696 Quae
370 624 419 696 qui
447 623 554 693 videat,
582 641 643 680 non
671 622 790 680 indocte
819 622 923 693 solum,
951 641 1057 681 verum
1094 624 1177 682 etiam

117 721 206 795 impie
229 721 325 790 saciat,
348 720 371 776 si
395 718 467 777 deos
490 737 554 776 esse
577 729 674 793 neget.
717 721 782 776 Nec
807 737 877 776 sane
902 719 1030 776 multum
1051 720 1177 793 interest,

118 828 213 875 utrum
228 817 259 874 id
273 827 361 892 neget
375 835 412 873 an
427 835 479 874 eos
494 817 575 873 omni
596 818 800 891 procuratione
815 828 903 890 atque
926 818 1046 876 actione
1067 819 1161 893 privet
1168 837 1199 891 5⁵

118 916 190 972 mihi
204 916 292 986 enim,
307 915 357 988 qui
371 914 442 970 nihil
457 914 524 988 agit,
540 931 604 970 esse
619 914 741 971 omnino
756 932 817 971 non
830 913 954 972 videtur.
998 915 1075 973 Esse
1097 916 1178 990 igitur

119 1010 192 1068 deos
206 1013 246 1068 ita
258 1012 446 1086 perspicuum
461 1019 514 1081 est,
530 1020 570 1080 ut,
585 1009 617 1067 id
631 1011 682 1085 qui
696 1021 793 1084 neget,
807 1011 855 1067 vix
875 1028 945 1067 eum
967 1029 1059 1070 sanae
1073 1012 1178 1071 mentis

119 1109 291 1166 existimem.

76 1185 111 1292 ¹4}
160 1207 272 1277 Restat,
294 1215 335 1277 ut,
360 1205 452 1279 qualis
477 1223 578 1262 eorum
603 1214 706 1262 natura
729 1206 774 1276 sit,
797 1203 1019 1263 consideremus
1029 1226 1039 1279 ;
1068 1206 1177 1282 inquo
1219 1194 1222 1267 l

118 1303 190 1360 nihil
204 1313 247 1359 est
262 1302 406 1360 difficilius
421 1321 509 1376 quam
525 1321 543 1359 a
558 1301 771 1359 consuetudine
787 1303 939 1360 oculorum
953 1303 1053 1361 aciem
1074 1304 1177 1363 mentis
1186 1329 1204 1359 n
1219 1314 1222 1373 ς

118 1400 276 1458 abducere.
329 1401 373 1456 ua
394 1400 548 1458 difficultas
570 1399 685 1457 indum
705 1410 735 1456 et
748 1400 835 1475 vulgo
856 1400 997 1474 inperitos
1021 1410 1051 1458 et
1072 1402 1177 1461 similes
1220 1382 1222 1453 l

118 1497 309 1572 philosophos
338 1497 536 1571 inperitorum,
560 1506 592 1554 ut
621 1497 676 1555 nisi
706 1497 803 1572 figuris
830 1497 984 1556 hominum
1014 1499 1177 1559 constitutis
1220 1496 1222 1539 ;

118 1595 192 1652 nihil
204 1603 326 1668 possent
340 1594 378 1652 de
393 1594 438 1652 dis
453 1595 652 1653 inmortalibus
667 1596 814 1669 cogitare,
836 1596 918 1652 cuius
940 1596 1093 1670 opinionis
1113 1597 1176 1656 levi·
1220 1648 1222 1671 ,

118 1701 163 1748 tas
177 1692 459 1750 confutataaCotta
473 1710 534 1749 uon
549 1691 695 1749 desiderat
710 1694 871 1750 orationem
885 1711 993 1751 meam.
1038 1694 1099 1754 Sed
1113 1712 1178 1753 cum
1220 1710 1222 1715 '

118 1789 208 1846 talem
222 1805 286 1846 esse
301 1787 390 1845 deum
405 1800 485 1846 certa
498 1790 618 1846 notione
641 1790 730 1847 animi
751 1791 989 1864 praesentiamus,
1005 1793 1137 1867 primurn
1148 1800 1202 1857 utu

119 1886 157 1945 sit
171 1885 313 1957 animans,
327 1885 436 1943 deinde
451 1896 483 1942 ut
497 1887 527 1943 in
541 1887 623 1943 omni
644 1896 746 1943 natura
767 1887 838 1944 nihil
859 1905 896 1944 eo
917 1888 953 1944 sit
974 1889 1176 1962 praestantius,
1220 1890 1222 1895 ’

120 1981 159 2041 ad
173 1983 249 2040 hanc
266 1984 504 2057 praesensionem
526 1984 737 2057 notionemque
758 1994 887 2041 nostram
908 1984 980 2040 nihil
993 1985 1085 2044 video
1100 1981 1176 2062 quod

119 2080 217 2156 potius
237 2079 472 2151 accommodem,
488 2098 577 2153 quam
600 2090 632 2137 ut
653 2081 779 2155 primum
802 2080 881 2137 hunc
903 2080 999 2154 ipsum
1023 2083 1175 2154 mundum,

120 2195 180 2252 quo
207 2177 279 2234 nihil
307 2176 496 2234 excellentius
523 2177 585 2234 fieri
612 2187 718 2252 potest,
742 2178 921 2235 animantem
943 2196 1008 2236 esse
1034 2190 1066 2238 et
1090 2180 1176 2239 deum

82 2290 108 2331 to
121 2274 258 2332 iudicem.
302 2275 363 2331 Hic
384 2293 474 2349 quam
489 2274 568 2332 volet
590 2275 734 2349 Epicurus
756 2275 878 2345 iocetur,
894 2274 985 2333 homo
1007 2295 1072 2336 nou
1093 2277 1203 2353 aptis-o

121 2372 209 2429 simus
232 2369 272 2428 ad
293 2370 453 2429 iocandum
476 2372 656 2446 minimeque
678 2372 818 2446 resipiens
840 2372 972 2447 patriam,
992 2383 1021 2430 et
1045 2373 1128 2432 dieat
1147 2390 1176 2432 se

120 2487 182 2527 non
201 2486 289 2544 posse
311 2469 486 2544 intellegere,
502 2469 595 2544 qualis
617 2469 653 2526 sit
665 2469 798 2527 volubilis
821 2479 850 2526 et
872 2468 1014 2527 rotundus
1038 2469 1123 2544 deus,
1137 2480 1175 2529 ta·

122 2585 191 2624 men
212 2584 249 2623 ex
270 2565 337 2637 hoc,
352 2565 434 2642 quod
457 2567 545 2623 etiam
568 2566 629 2641 ipse
654 2566 767 2641 probat,
782 2584 944 2640 numquam
965 2585 1014 2625 me
1038 2568 1175 2628 movebit.

123 2664 221 2721 Placet
243 2664 322 2720 enim
344 2663 384 2721 illi
406 2682 470 2721 esse
493 2664 575 2734 deos,
598 2665 666 2738 quia
687 2682 808 2721 necesse
834 2664 869 2722 sit
892 2673 1091 2739 praestantem
1116 2683 1176 2725 esse

122 2760 248 2834 aliquam
272 2770 414 2831 naturam,
439 2779 498 2834 qua
521 2761 592 2817 nihil
616 2761 653 2818 sit
676 2762 789 2820 melius.
832 2760 949 2818 Mundo
973 2772 1075 2822 autem
1100 2773 1205 2829 certeis

121 2857 193 2915 nihil
207 2866 251 2914 est
264 2857 377 2917 melius.
420 2858 486 2914 Nec
500 2857 632 2929 dubium,
648 2859 728 2933 quin,
744 2857 826 2933 quod
846 2860 978 2916 animans
1001 2861 1038 2918 sit
1059 2861 1176 2921 habeat·

121 2972 179 3029 que
194 2972 312 3011 sensum
326 2964 356 3011 et
369 2955 512 3012 rationem
527 2964 557 3012 et
570 2965 709 3027 mentem,
724 2955 755 3012 id
769 2957 806 3013 sit
819 2957 921 3013 melius
936 2975 1026 3031 quam
1040 2958 1082 3031 id,
1098 2956 1177 3035 quod

83 3065 109 3109 47
122 3050 166 3108 his
194 3061 299 3109 careat.
342 3053 389 3109 lta
416 3051 539 3109 efficitur
564 3053 752 3124 animantem,
780 3071 891 3124 sensus,
921 3055 1037 3126 mentis,
1060 3057 1178 3115 rationis

122 3148 265 3206 mundum
294 3167 358 3206 esse
382 3158 552 3223 compotem
563 3168 572 3221 3
601 3167 659 3223 qua
683 3151 793 3207 ratione
822 3150 911 3207 deum
940 3168 1004 3208 esse
1033 3154 1179 3212 mundum

122 3245 315 3303 concluditur.
357 3245 416 3304 Sed
436 3245 511 3303 haec
525 3246 613 3321 paulo
627 3256 694 3320 post
714 3246 825 3304 facilius
847 3258 1066 3321 cognoscentur
1088 3269 1127 3309 ex
1146 3251 1209 3322 iis„

121 3343 208 3399 rebus
229 3343 307 3417 ipsis,
322 3360 394 3416 quas
415 3342 543 3400 mundus
563 3342 660 3400 efficit.

79 3439 116 3496 18
165 3441 289 3510 Interea,
303 3440 405 3510 Vellei,
420 3440 490 3510 noli,
505 3457 624 3513 quaes0,
640 3458 709 3514 prae
723 3449 753 3496 te
775 3441 847 3498 ferre
861 3459 914 3499 vos
935 3441 1022 3516 plane
1044 3456 1181 3520 expertus

123 3555 187 3602 esse
210 3536 369 3595 doctrinae.
412 3537 529 3595 Conum
554 3535 605 3593 tibi
628 3538 669 3594 ais
693 3546 723 3594 et
751 3537 913 3611 cylindmm
940 3548 970 3595 et
993 3543 1181 3615 pyramidem

123 3633 318 3709 pulchriorem
341 3652 429 3708 quam
457 3633 611 3708 sphaeram
632 3633 732 3691 videri.
776 3635 893 3691 Novum
915 3635 1003 3692 etiam
1026 3640 1207 3701 oculorum·

123 3729 264 3788 iudicium
286 3730 408 3789 habetis.
450 3729 509 3789 Sed
531 3729 588 3787 siut
609 3729 663 3787 ista
684 3730 851 3804 pulchriora
873 3731 1025 3791 dumtaxat
1047 3748 1212 3815 aspectu,
