2504 4170
268 253 339 304 um.
352 255 402 304 111.
435 255 495 305 cn.
512 255 781 306 xxxv-xxxvnr.
816 257 846 320 §s
860 256 949 323 85a0·
1074 243 1132 322 165

72 407 173 480 nisset,
197 407 299 467 Musis
324 409 431 466 bovem
455 409 621 468 immolasse
642 409 767 484 dicitur;
796 409 850 469 sed
874 410 906 470 id
929 409 1051 487 quidem
1074 429 1136 469 non

74 504 176 576 credo,
199 505 347 581 quoniam
376 505 422 563 ille
451 524 488 564 ne
512 507 640 582 Apollini
665 507 785 583 quidem
814 509 901 567 Delio
929 508 1054 567 hostiam
1082 508 1135 566 im-

74 601 187 660 molare
201 602 307 674 voluit,
322 620 360 660 ne
375 621 454 660 aram
468 604 608 680 sanguine
622 614 796 680 aspergeret.
838 605 886 663 Ad
900 624 963 663 rem
984 616 1083 664 autem
1105 614 1137 663 ut

75 698 209 772 redeam,
225 698 371 757 iudicium
386 698 444 758 hoc
464 701 596 758 omnium
617 702 783 760 mortalium
804 712 857 775 est,
872 704 1018 762 fortunam
1038 702 1136 762 adeo

77 795 251 872 petendam,
264 815 283 854 a
293 814 327 854 se
341 795 406 872 ipso
421 796 595 856 sumendam
609 816 674 856 esse
688 800 871 875 sapientiam.
914 801 1054 875 Quamvis
1068 800 1137 859 licet

78 893 176 952 Menti
190 893 317 954 delubra
331 903 361 952 et
374 894 479 953 Virtuti
501 904 531 953 et
553 894 637 954 Fidei
658 915 874 969 consecremus,
890 908 989 956 tamen
1011 898 1085 957 haec
1105 900 1136 956 in

78 990 250 1067 nobisipsis
272 991 330 1049 sita
350 990 503 1065 videmus3
526 993 603 1067 Spei,
619 993 732 1066 Salutis,
747 994 830 1070 Opis,
845 995 993 1053 Victoriae
1015 996 1136 1054 facultas

79 1107 98 1146 a
108 1087 154 1147 dis
166 1087 337 1165 expetenda
350 1098 404 1148 est.
447 1090 644 1166 Inproborum
659 1091 744 1166 igitur
757 1093 962 1168 prosperitates
973 1092 1135 1152 secundae-

80 1204 138 1261 que
158 1204 205 1245 res
225 1186 415 1263 redarguunt,
430 1197 463 1245 ut
483 1187 633 1262 Diogenes
648 1187 775 1261 dicebat,
790 1190 848 1247 vim
869 1208 990 1248 omnem
1011 1189 1135 1248 deorum

59 1295 116 1341 a‘ac
136 1293 326 1359 potestatem.
368 1286 407 1342 At
426 1302 488 1343 non
508 1303 669 1360 numquam
690 1286 785 1344 bonos
805 1287 898 1344 exitus
920 1287 1030 1345 habent
1053 1261 1178 1368 bonidg

82 1381 141 1440 Eos
155 1381 280 1456 quidem
294 1381 446 1456 arripimus
468 1383 707 1458 attribuimusque
730 1384 792 1441 sine
814 1385 871 1442 ulla
891 1385 1003 1442 ratione
1025 1384 1070 1442 dis
1092 1385 1136 1442 in·

82 1479 260 1538 mortalibus.
304 1480 344 1537 At
358 1479 498 1554 Diagoras
513 1497 582 1537 curn
598 1481 818 1538 Samothracam
837 1482 973 1553 venisset,
989 1481 1068 1542 ἄθεος
1088 1482 1135 1540 ille

82 1575 131 1650 qui
151 1575 268 1650 dicitur,
291 1585 381 1651 atque
401 1576 429 1634 ei
450 1575 569 1652 quidam
591 1578 702 1635 amicus
724 1579 805 1650 ‘Tu,
827 1579 889 1653 qui
914 1578 1003 1637 deos
1028 1588 1135 1654 putas

82 1670 238 1731 humana
278 1672 492 1748 neglegere,
531 1692 651 1732 nonne
692 1674 956 1734 animadvertis
998 1694 1042 1734 ex
1082 1685 1136 1735 tot

60 1770 216 1835 stabulis
244 1770 369 1846 pictis,
397 1789 503 1846 quam
530 1771 634 1829 multi
665 1773 761 1830 votis
796 1773 867 1830 vim
900 1773 1135 1848 tempestatis

82 1856 284 1938 effugerint
312 1861 348 1920 in
375 1871 593 1937 portumque
622 1863 713 1920 salvi
747 1864 1034 1938 pervenerint?¹,
1063 1865 1136 1922 ‘Ita

82 1959 152 2032 fit’,
174 1959 291 2035 inquit;
321 1959 394 2017 ‘illi
414 1959 509 2017 enim
530 1978 707 2035 nusquam
728 1961 821 2036 picti
842 1970 942 2034 sunt,
963 1961 1027 2036 qui
1046 1978 1136 2020 nau·

82 2056 195 2133 fragia
216 2057 390 2114 fecerunt
409 2057 440 2115 in
460 2057 622 2133 marique
644 2059 851 2133 perierunt.¹
895 2057 1049 2134 Idemque,
1065 2077 1135 2117 curn

82 2154 109 2212 ei
131 2153 282 2230 naviganti
304 2162 438 2212 vectores
465 2153 587 2212 adversa
613 2164 786 2230 tempestate
815 2154 910 2213 timidi
937 2164 966 2213 et
993 2155 1136 2231 perterriti

59 2250 214 2310 adicerent
237 2270 300 2310 non
326 2251 430 2309 iniuria
449 2252 504 2309 sibi
525 2250 596 2310 illud
617 2251 762 2324 accidere,
786 2253 836 2328 qui
856 2253 936 2310 illum
957 2253 987 2310 in
1008 2251 1136 2312 eandem

82 2328 184 2408 na'vem
210 2348 401 2423 recepissent,
423 2346 552 2407 ostendit
576 2349 617 2407 eis
641 2349 672 2406 in
696 2348 804 2407 eodem
828 2368 913 2408 cursu
937 2350 1042 2408 multas
1066 2351 1135 2408 alias

83 2444 238 2506 laborantis
253 2445 464 2521 quaesivitque,
479 2464 551 2504 num
566 2447 652 2504 etiam
667 2447 698 2504 in
711 2447 745 2504 iis
758 2447 880 2506 navibus
896 2448 1054 2522 Diagoram
1068 2448 1137 2506 vehi

84 2544 246 2604 crederent.
288 2543 337 2602 sic
352 2543 431 2600 enirn
444 2562 489 2601 res
505 2561 536 2601 se
551 2543 647 2616 habet,
661 2554 694 2602 ut
708 2543 746 2601 ad
761 2562 930 2619 prosperam
947 2544 1136 2603 adversamve

84 2640 237 2713 fortunam,
252 2640 345 2716 qualis
366 2640 404 2698 sis
426 2650 474 2698 aut
489 2659 577 2716 quern
598 2640 637 2699 ad
658 2640 781 2699 modum
796 2642 910 2713 vixeris,
924 2641 995 2699 nihil
1016 2642 1135 2701 intersit.

59 2762 75 2801 rs
84 2738 150 2797 Non
171 2737 417 2810 animadvertunt,
433 2738 535 2814 inquit,
549 2740 650 2797 omnia
667 2737 707 2810 di,
722 2757 760 2796 ne
781 2757 864 2814 reges
883 2738 1012 2813 quidem.
1055 2724 1136 2813 Quid
1148 2758 1175 2800 so

85 2830 126 2894 est
138 2835 257 2895 simile?
291 2836 390 2910 Reges
404 2836 483 2893 enirn
498 2837 523 2893 si
537 2837 662 2894 scientes
676 2837 918 2910 praetermittunt,
929 2855 1036 2911 magna
1049 2837 1137 2911 culpa

86 2942 144 3006 est3
165 2941 196 2992 at
217 2931 278 2992 deo
302 2950 340 2990 ne
363 2933 511 2991 excusatio
533 2932 654 3008 quidem
675 2942 720 2990 est
743 2933 921 2990 inscientiae.
964 2933 1063 3007 Quem
1083 2939 1181 2995 vos88

85 3030 229 3104 praeclare
258 3028 425 3102 defenditis,
450 3048 520 3088 cum
547 3029 643 3088 dicitis
672 3047 738 3087 eam
761 3030 820 3087 vim
845 3028 968 3087 deorum
995 3047 1069 3101 esse,
1094 3038 1136 3102 ut,

86 3126 196 3186 etiamsi
220 3125 285 3202 quis
313 3136 407 3184 morte
435 3144 546 3202 poenas
574 3126 690 3184 sceleris
718 3125 857 3200 effugerit,
883 3119 1056 3200 expetantur
1082 3144 1136 3184 eae

60 3239 231 3298 spoenaea
243 3224 352 3295 liberis,
366 3242 385 3281 a
397 3224 563 3299 nepotibus,
578 3242 596 3280 a
612 3223 744 3298 posteris.
786 3222 814 3282 O
837 3222 940 3279 miram
960 3223 1137 3297 aequitatem

87 3318 226 3380 deorum!
270 3321 409 3379 Ferretne
434 3321 533 3378 civitas
561 3320 619 3378 ulla
645 3319 765 3377 latorem
791 3319 872 3377 istius
896 3318 978 3376 modi
1002 3319 1083 3394 legis,
1104 3327 1137 3377 ut

88 3418 330 3478 condemnaretur
344 3416 418 3474 tilius
433 3427 482 3475 aut
496 3435 599 3492 nepos,
614 3417 637 3474 si
652 3425 734 3491 pater
748 3425 797 3474 aut
811 3435 881 3474 avus
896 3415 1087 3491 deliquisset?

163 3532 324 3607 Quinem
344 3530 621 3589 Tantalidarum
643 3530 895 3588 internecioni
917 3529 1045 3588 modus

163 3627 343 3688 Paretur?
362 3636 424 3686 aut
443 3645 622 3704 quaenam
642 3629 810 3703 umquam
831 3626 876 3684 ob
898 3636 1051 3686 mortem

63 3728 82 3769 ³⁸
512 3749 514 3753 ·
834 3721 975 3799 My'rtili
