2504 4170
122 239 183 303 128
447 249 497 300 ns
517 249 664 301 narum
686 249 847 302 nsokun.

118 408 224 482 partim
239 405 277 464 ad
291 404 519 477 aedificandum,
530 414 563 463 ut
576 404 662 463 tectis
676 404 768 479 saepti
781 404 888 480 frigora
901 406 1076 484 caloresque
1088 408 1160 484 pella·

76 517 193 561 ruamus.
238 505 364 578 Magnos
384 521 454 560 vero
476 521 544 560 usus
565 501 659 559 adsert
679 501 718 559 ad
741 503 856 576 navigia
884 504 1034 576 facienda,
1056 524 1161 580 quorum

120 601 251 658 cursibus
266 599 490 674 subpeditantur
504 617 607 656 omnes
621 598 752 672 undique
773 598 812 656 ad
833 600 924 658 vitam
946 603 1054 676 copiae
1064 623 1073 675 ;
1093 621 1162 678 quas-

120 717 237 772 queres
256 697 478 755 violentissimas
498 707 601 753 natura
620 696 729 769 genuit,
744 713 844 754 earum
855 690 1104 757 ‘moderationem
1122 718 1164 757 nos

121 796 174 851 soli
189 795 339 864 hahemus,
355 794 442 851 maris
456 803 544 868 atque
559 802 722 863 ventorum,
737 802 856 867 propter
876 795 1064 854 nauticarum
1084 815 1186 858 rerumr

120 891 271 948 scientiam
299 890 489 965 plurimisque
516 890 667 947 maritimis
694 890 781 947 rebus
809 891 931 948 fruimur
952 901 1043 968 atque
1064 894 1166 950 utimur.

120 989 315 1044 Terrenorum
328 987 399 1044 item
413 985 640 1044 commodorum
654 987 750 1045 omnis
764 996 808 1044 est
822 987 852 1044 in
866 986 989 1047 homine
1002 989 1167 1048 dominatus

122 1085 185 1141 Nos
207 1084 327 1158 campis,
350 1102 404 1141 nos
425 1083 574 1141 montibus
595 1083 723 1154 fruimur,
744 1084 835 1141 nostri
856 1093 925 1142 sunt
953 1104 1068 1158 amnes,
1089 1086 1168 1144 nostri

122 1182 210 1252 lacus,
226 1200 281 1238 nos
296 1182 392 1255 fruges
406 1180 537 1251 serimus,
552 1199 607 1238 nos
622 1181 749 1251 arbores,
763 1198 817 1238 nos
835 1199 980 1255 aquarum
1002 1182 1168 1242 inductioni·

119 1279 174 1336 bus
189 1279 270 1336 terris
286 1276 499 1335 fecunditatem
513 1277 628 1348 damus,
642 1295 697 1334 nos
711 1277 831 1335 flumina
848 1295 994 1351 arcemus,
1011 1279 1169 1355 derigimus,
1178 1308 1195 1336 tt

121 1377 285 1446 avertimus,
300 1375 405 1432 nostris
419 1373 548 1449 denique
563 1374 697 1432 manibus
711 1373 742 1432 in
762 1391 858 1432 rerum
878 1384 984 1433 natura
1003 1377 1089 1452 quasi
1108 1377 1169 1434 alte·

120 1491 182 1529 ram
196 1483 330 1529 naturam
345 1471 460 1528 efficere
476 1489 626 1529 conamur.

76 1545 115 1652 ᾗδὲ
164 1568 245 1642 Quid
258 1569 350 1626 vero?
369 1568 522 1626 hominum
536 1568 609 1625 ratio
623 1586 684 1625 non
704 1567 735 1626 in
750 1568 864 1625 caelum
880 1586 976 1643 usque
996 1571 1172 1645 penetravit?

121 1667 179 1723 Soli
194 1666 273 1723 enim
288 1685 325 1724 ex
341 1666 536 1723 animantibus
555 1684 609 1723 nos
630 1675 773 1723 astrorum
795 1673 883 1736 ortus,
898 1665 997 1724 obitus
1019 1685 1172 1743 cursusque

121 1763 321 1837 cognovimus
337 1764 375 1821 ab
389 1762 541 1819 hominum
555 1780 662 1836 genere
676 1763 773 1820 finitus
794 1771 839 1820 est
852 1761 925 1833 dies,
940 1764 1062 1836 mensis,
1076 1783 1171 1834 annus,
1182 1787 1200 1826 n

121 1859 303 1917 defectiones
325 1861 393 1917 solis
408 1869 436 1916 et
450 1860 535 1916 lunae
550 1859 685 1933 cognitae
701 1858 927 1935 praedictaeque
946 1860 977 1918 in
999 1879 1090 1920 omne
1110 1880 1172 1938 pos-

121 1966 216 2014 terum
229 1966 355 2031 tempus,
370 1974 454 2031 quae,
470 1966 605 2031 quantae,
621 1955 740 2030 quando
756 1957 867 2014 suturae
888 1957 955 2015 sint.
999 1958 1086 2033 Quae
1107 1977 1173 2017 con·

121 2062 207 2111 tuens
234 2054 349 2111 animus
376 2053 493 2111 accedit
513 2052 552 2110 ad
581 2054 781 2127 cognitionem
805 2053 938 2125 deorum,
961 2072 979 2113 e
1006 2074 1068 2131 qua
1090 2057 1175 2115 oritur

122 2151 224 2226 pietas,
245 2150 293 2208 cui
313 2150 470 2208 coniuncta
491 2149 598 2207 iustitia
617 2159 661 2207 est
682 2151 868 2225 reliquaeque
888 2151 1018 2223 virtutes,
1035 2170 1053 2211 e
1074 2153 1175 2228 quibus

121 2247 181 2306 vita
193 2249 280 2306 beata
294 2248 389 2305 existit
403 2265 455 2322 par
468 2256 498 2305 et
512 2247 610 2304 similis
625 2246 758 2319 deorum,
773 2247 852 2305 nulla
865 2248 921 2304 alia
940 2265 972 2306 re
993 2250 1050 2307 nisi
1071 2251 1174 2308 inmor·
1184 2271 1205 2299 w

122 2345 241 2417 talitate,
257 2363 332 2419 quae
346 2345 418 2402 nihil
433 2343 472 2402 ad
485 2343 562 2402 bene
583 2342 742 2401 vivendum
763 2345 897 2419 pertinet,
912 2344 1024 2404 cedens
1046 2347 1174 2404 caelesti·

123 2442 187 2501 bus.
230 2442 345 2516 Quibus
372 2443 458 2499 rebus
486 2441 625 2516 expositis
654 2442 722 2498 satis
752 2441 887 2498 docuisse
915 2442 1028 2514 videor,
1052 2442 1176 2502 hominis

122 2549 225 2596 natura
238 2548 349 2614 quanto
363 2538 459 2596 omnis
474 2538 596 2595 anteiret
617 2538 790 2595 animantes.
835 2539 880 2594 Ex
901 2556 961 2612 quo
983 2539 1075 2599 debet
1095 2540 1176 2599 intel·

123 2634 180 2709 legi
196 2653 253 2692 nec
274 2636 396 2710 figuram
417 2632 562 2709 situmque
585 2635 784 2693 membrorum
805 2653 862 2692 nec
883 2636 992 2710 ingenii
1013 2638 1177 2713 mentisque

74 2755 113 2798 1⁶4
124 2732 183 2790 vim
207 2731 295 2789 talem
318 2732 394 2790 effici
420 2732 549 2806 potuisse
578 2733 701 2790 sortuna.
745 2733 857 2803 Restat,
884 2743 916 2790 ut
939 2732 1068 2792 doceam
1091 2745 1178 2810 atque
1189 2759 1210 2799 ις

125 2827 283 2902 aliquando
311 2847 446 2904 perorem
474 2829 581 2900 omnia,
604 2847 679 2904 quae
708 2830 764 2887 sint
792 2830 823 2888 in
850 2830 909 2887 hoc
928 2830 1052 2903 mund0,
1074 2833 1179 2908 quibus

125 2934 242 2983 utantur
255 2925 397 2998 homines
413 2926 564 2984 hominum
580 2944 668 2983 causa
682 2926 759 2984 facta
772 2945 836 2985 esse
851 2937 881 2985 et
894 2938 1003 3002 parata.

81 3039 119 3093 ⁶2
167 3022 313 3097 Principio
328 3024 390 3098 ipse
405 3023 532 3083 mundus
548 3021 671 3080 deorum
686 3023 897 3099 hominumque
911 3043 1001 3082 causa
1014 3025 1109 3085 factus
1126 3037 1179 3098 est,

125 3137 259 3195 quaeque
274 3118 304 3177 in
319 3138 355 3178 eo
370 3132 445 3193 sunt,
461 3140 497 3179 ea
511 3130 611 3196 parata
631 3119 669 3178 ad
691 3120 816 3179 fructum
836 3120 990 3180 hominum
1009 3115 1042 3180 'et
1063 3124 1182 3182 inventa

126 3225 202 3274 sunt.
245 3217 299 3274 Est
313 3219 392 3276 enim
406 3217 534 3276 mundus
549 3217 631 3292 quasi
646 3219 810 3276 communis
831 3217 954 3276 deorum
975 3228 1064 3294 atque
1086 3220 1180 3279 homi·
1193 3245 1214 3283 n

126 3333 196 3372 num
218 3313 324 3372 domus
345 3325 396 3373 aut
416 3316 484 3373 urbs
505 3324 704 3389 utrorumque.
747 3315 805 3374 Soli
828 3316 905 3373 enim
927 3316 1041 3375 ratione
1066 3327 1181 3376 utentes

126 3411 186 3469 iure
196 3431 230 3468 ac
240 3412 303 3486 lege
312 3411 420 3470 vivunt.
463 3414 504 3472 Ut
516 3412 601 3486 igitur
610 3411 740 3469 Athenas
751 3423 780 3470 et
791 3412 1047 3472 Lacedaemonem
1059 3415 1181 3473 Atheni·

126 3508 238 3565 ensium
254 3494 614 3583 Lacedaemoniorumque
629 3526 717 3566 causa
731 3507 893 3583 putandum
906 3519 950 3568 est
960 3510 1096 3570 conditas
1107 3530 1181 3584 esse,

126 3606 292 3680 omniaque,
309 3622 384 3680 quae
399 3605 455 3662 sint
469 3605 499 3663 in
513 3604 557 3662 his
572 3605 699 3676 urbibus,
715 3623 816 3663 eorum
831 3607 1007 3681 populorum
1021 3618 1101 3666 recte
1116 3627 1182 3667 esse

127 3698 272 3776 dicuntur,
286 3700 338 3775 sic,
353 3717 557 3776 quaecumque
576 3709 643 3758 sunt
661 3700 691 3756 in
710 3701 792 3758 omni
812 3701 933 3775 mundo,
948 3701 1072 3764 deorum
1093 3714 1182 3782 atque
1194 3728 1214 3768 a
