2504 4170
96 322 99 327 .
126 267 185 347 148
451 280 500 330 oa
521 281 667 332 uarum
689 278 850 332 unorum

120 455 206 494 scura
223 433 419 510 adsequamur
429 455 437 507 3
462 445 492 493 at
511 435 668 493 obscumm
689 434 747 494 deo
768 435 841 494 nihil
861 443 963 511 potest
984 454 1059 497 esse.
1099 438 1161 497 Nam

120 535 235 605 iustitia,
259 552 334 608 quae
358 553 443 591 suum
465 533 571 607 cuique
595 533 748 604 distribuit,
772 531 845 607 quid
869 535 1001 608 pertinet
1023 534 1062 593 ad
1085 534 1161 593 deos?

120 633 272 689 hominum
294 631 374 688 enim
394 631 519 688 societas
536 639 566 687 et
583 631 787 700 communitas,
803 640 834 687 ut
848 648 902 688 vos
918 630 1027 703 dicitis,
1041 633 1160 690 iustitiam

119 729 291 802 procreavit.
339 728 548 802 Temperantia
575 737 673 784 autem
701 736 816 784 constat
844 744 882 784 ex
909 728 1161 802 praetermittendis

119 825 314 899 voluptatibus
336 825 475 898 corporis
491 825 539 880 cui
559 824 582 880 si
602 824 684 881 locus
698 824 728 881 in
744 823 825 880 caelo
841 833 894 894 est,
911 834 956 881 est
972 826 1061 883 etiam
1075 827 1159 900 volup
1173 845 1181 886 ς

120 922 233 978 tatibus.
277 923 355 978 Nam
369 921 449 977 sortis
465 920 538 978 deus
557 921 684 996 intellegi
699 921 748 995 qui
762 922 881 995 potest?
902 921 933 978 in
948 921 1075 980 dolore?
1093 922 1161 979 auin

81 1018 239 1076 solabore?
266 1036 304 1074 an
332 1018 361 1075 in
390 1018 542 1092 periculo?
572 1037 696 1091 quorum
725 1018 814 1075 deum
842 1018 914 1074 nihil
942 1020 1067 1094 attingit.
1108 1020 1160 1076 Nec

119 1115 229 1172 ratione
252 1115 336 1188 igitur
356 1124 488 1171 utentem
510 1133 567 1171 nec
580 1116 684 1172 virtute
704 1114 761 1171 ulla
775 1113 941 1188 praeditum
958 1115 1051 1174 deum
1065 1115 1160 1173 intelle·

118 1230 185 1286 gere
208 1212 257 1285 qui
278 1213 454 1285 possumus?
496 1213 562 1269 Nec
576 1230 646 1268 vero
660 1211 736 1286 volgi
755 1222 842 1285 atque
862 1211 1068 1286 imperitomm
1087 1212 1159 1270 insci·

118 1310 188 1366 tiam
214 1308 366 1383 despicere
390 1327 521 1383 possum,
548 1327 616 1366 cum
641 1327 677 1365 ea
701 1307 866 1378 consider0,
891 1326 969 1382 quae
995 1310 1128 1369 dicuntur
1145 1327 1184 1366 aa

119 1406 242 1477 Stoicis;
267 1415 333 1462 sunt
356 1405 434 1462 enim
455 1406 503 1462 illa
527 1406 745 1480 imperitomm:
771 1405 885 1479 piscem
907 1406 972 1481 Syri
992 1417 1159 1476 venerantur,

118 1521 207 1576 omne
228 1503 287 1560 sere
308 1521 401 1577 genus
420 1503 577 1560 bestiamm
591 1503 727 1576 Aegyptii
747 1513 993 1560 consecraverunt
1004 1524 1012 1576 ;
1035 1505 1091 1562 iarn
1104 1521 1159 1562 vero

118 1600 149 1657 in
164 1600 288 1658 Graecia
308 1600 417 1656 multos
438 1598 548 1656 habent
570 1618 607 1656 ex
626 1599 793 1657 hominibus
810 1598 893 1669 deos
908 1599 1095 1659 Alabandum
1107 1600 1159 1658 Ala·

119 1696 232 1768 bandis,
252 1696 377 1754 Tenedii
401 1697 535 1767 Tennen,
560 1696 770 1766 Leucotheam,
793 1713 869 1769 quae
898 1696 952 1753 suit
973 1698 1041 1768 1n0,
1063 1697 1160 1755 eteius

121 1793 328 1850 Palaemonem
352 1794 443 1850 filiurn
468 1803 575 1851 cuncta
600 1793 735 1863 Graecia,
760 1792 930 1863 Herculem,
955 1794 1159 1868 Aesculapium,
1169 1811 1184 1851 τε

117 1889 299 1964 Tyndaridas
311 1911 319 1962 ;
349 1889 509 1946 Romulum
533 1890 625 1946 nostri
650 1889 778 1963 aliosque
804 1889 972 1963 compluris,
996 1909 1072 1964 quos
1092 1887 1161 1964 quasi

76 1966 211 2073 {glnovos
233 1996 261 2044 et
282 1985 484 2060 adscripticios
504 1987 582 2043 cives
601 1986 632 2043 in
651 1986 767 2043 caelum
781 1995 916 2060 receptos
930 1997 1046 2061 putant.
1088 1988 1160 2045 Haec

118 2083 203 2157 igitur
216 2082 347 2154 indocti;
369 2082 440 2156 quid
454 2101 507 2139 vos
521 2082 710 2157 philosophi?
731 2082 781 2156 qui
796 2082 937 2140 meliora?
979 2084 1094 2142 Omitto
1105 2083 1160 2152 illa;

118 2189 184 2236 sunt
204 2180 283 2236 enim
296 2179 462 2254 praeclara:
485 2180 521 2237 sit
539 2198 608 2238 sane
628 2178 702 2237 deus
723 2179 786 2253 ipse
808 2178 947 2238 mundus.
990 2181 1063 2238 Hoc
1083 2177 1161 2238 credo

118 2275 189 2333 illud
203 2294 267 2333 esse
1169 2301 1187 2330 ¹0

156 2406 312 2464 subllme
332 2404 512 2478 candens,
533 2425 638 2482 quem
657 2408 833 2463 invocant
852 2408 978 2464 omnes
999 2408 1134 2466 Iovem.

119 2564 217 2638 Quare
238 2566 323 2639 igitur
343 2565 431 2640 pluris
452 2565 637 2641 adiungimus
652 2565 747 2623 deos?
767 2575 876 2641 quanta
891 2576 990 2624 autem
1008 2577 1053 2626 est
1070 2583 1161 2625 eorum

117 2660 292 2719 multitudo!
335 2663 410 2721 Mihi
424 2661 547 2737 quidem
567 2681 636 2721 sane
656 2662 738 2719 multi
752 2661 895 2720 videntur.
939 2664 1072 2739 Singulas
1093 2663 1162 2721 enirn

118 2756 213 2814 stellas
234 2775 369 2815 numeras
391 2759 464 2816 deos
486 2777 597 2834 eosque
618 2768 667 2817 aut
686 2759 837 2817 beluarum
851 2760 972 2817 nomine
987 2762 1124 2836 appellas,
1137 2767 1163 2816 ut

119 2853 255 2928 Capram,
270 2863 302 2910 ut
323 2855 450 2929 Nepam,
468 2865 499 2912 ut
520 2857 659 2925 Taumm,
677 2866 709 2912 ut
730 2856 871 2927 Leonem,
892 2866 941 2914 aut
962 2875 1059 2915 rerum
1080 2855 1191 2917 inani-2⁵

80 2965 105 3009 41
118 2968 240 3021 marum,
255 2960 287 3006 ut
305 2952 392 3024 Argo,
412 2961 444 3009 ut
463 2954 560 3022 Aram,
581 2962 613 3010 ut
634 2953 792 3010 Coronam.
835 2952 893 3011 Sed
913 2961 946 3010 ut
966 2953 1043 3012 haec
1064 2971 1163 3012 conce-

118 3046 231 3117 dantur,
254 3047 365 3120 reliqua
389 3049 439 3121 qui
464 3047 584 3106 tandem
608 3067 668 3107 non
693 3048 784 3107 modo
808 3049 943 3119 concedi,
966 3051 1021 3108 sed
1050 3050 1164 3109 omnino

118 3143 245 3217 intellegi
264 3146 407 3217 possunt?
447 3146 524 3204 Cum
543 3145 638 3221 fruges
653 3146 801 3216 Cererem,
816 3147 915 3203 vinum
938 3147 1078 3205 Liberum
1098 3147 1164 3205 dici·

119 3259 192 3310 mus,
207 3259 313 3314 genere
333 3258 387 3297 nos
407 3241 527 3316 quidem
550 3243 691 3300 sermonis
712 3243 819 3300 utimur
839 3244 953 3314 usitato,
969 3243 1024 3301 sed
1045 3262 1165 3320 ecquem

118 3344 178 3392 tam
199 3346 347 3393 amentem
370 3354 432 3393 esse
454 3348 548 3411 putas,
563 3340 612 3412 qui
634 3338 713 3408 illud,
729 3357 788 3412 quo
802 3349 945 3410 vescatur,
961 3339 1052 3398 deum
1072 3340 1166 3398 credat
1177 3363 1196 3402 ³0

119 3433 204 3489 esse?
244 3434 323 3490 Nam
344 3449 418 3504 quos
440 3433 477 3490 ab
499 3432 666 3492 hominibus
691 3435 856 3508 pervenisse
878 3435 952 3493 dicis
973 3435 1013 3493 ad
1035 3436 1117 3508 deos,
1138 3446 1166 3494 tu

118 3528 224 3586 reddes
238 3529 390 3596 rationem,
405 3545 494 3601 quem
512 3527 551 3585 ad
565 3530 688 3588 modum
702 3529 733 3587 id
755 3530 816 3588 fieri
830 3532 956 3605 potuerit
970 3542 1022 3590 aut
1036 3551 1089 3591 cur
1108 3532 1167 3591 fieri

118 3624 244 3696 desierit,
260 3634 290 3682 et
304 3640 360 3698 ego
376 3621 488 3681 discam
502 3624 632 3684 libenter.
676 3626 744 3699 Quo
764 3627 856 3685 modo
874 3646 954 3685 nunc
973 3627 1095 3703 quidem
1116 3637 1167 3700 est,

118 3739 179 3779 non
199 3721 296 3794 video,
312 3736 373 3797 quo
392 3729 483 3794 pacto
504 3720 560 3792 ille,
578 3722 627 3779 eui
652 3722 705 3781 ‘in
728 3732 850 3783 monte
876 3724 1019 3784 Oetaeo
1043 3725 1168 3785 illatae
