2504 4170
108 246 153 307 44
437 242 486 291 on
507 242 653 292 urruns
676 239 835 290 pronun.

108 413 228 466 nomen,
243 405 306 453 tum
320 395 454 454 ultimum
469 405 498 453 et
513 395 683 453 altissimum
705 403 792 469 atque
807 392 939 468 undique
954 393 1163 452 circumfusum

109 503 139 552 et
153 503 315 551 extremum
330 494 430 551 omnia
444 493 610 567 cingentem
631 503 719 566 atque
752 491 929 566 conplexum
952 491 1101 562 ardorem,
1116 491 1163 566 qui

109 591 209 649 aether
231 591 405 659 nominetur,
428 590 620 647 certissimum
643 588 732 646 deum
758 588 887 659 iudicat,
916 586 1060 662 idemque
1083 588 1165 662 quasi

110 688 234 746 delirans
249 689 278 744 in
293 688 326 744 iis
346 687 431 757 libris,
447 705 521 760 quos
542 687 655 760 scripsit
677 695 779 743 contra
792 686 982 760 voluptatem,
998 695 1062 742 tum
1084 685 1165 760 fingit

110 786 232 842 formam
247 784 397 859 quandam
418 794 447 840 et
468 784 597 858 speciem
613 782 745 853 deorum,
761 793 821 839 tum
838 781 1021 839 divinitatem
1043 800 1164 840 ornnem
1180 795 1199 855 5Ι

109 883 207 940 tribuit
221 883 311 950 astris,
326 891 388 938 tum
411 880 482 936 nihil
503 881 614 936 ratione
636 890 738 936 censet
759 896 822 936 esse
838 878 973 937 divinius.
1017 880 1065 936 Ita
1078 879 1121 950 fit,
1135 891 1165 937 ut

110 979 183 1037 deus
204 980 259 1049 ille,
275 996 364 1052 quem
385 987 482 1034 mente
505 977 653 1033 noscimus
675 987 762 1051 atque
784 976 813 1033 in
834 976 922 1032 animi
946 977 1069 1034 notione
1092 976 1153 1034 tani

110 1094 197 1150 quam
213 1077 241 1133 in
256 1075 378 1149 vestigio
392 1074 524 1131 volumus
546 1091 697 1148 reponere,
713 1091 856 1147 nusquam
877 1090 995 1147 prorsus
1016 1083 1166 1148 appareat

68 1158 149 1264 ξἈῑ
175 1175 322 1243 Persaeus,
344 1170 477 1228 eiusdem
499 1171 625 1227 Zenonis
651 1170 774 1241 auditor,
796 1188 848 1227 eos
869 1170 941 1226 dicit
962 1187 1026 1227 esse
1051 1170 1166 1229 habitos

110 1269 192 1340 deoS,
218 1270 361 1344 aquibus
387 1285 493 1342 magna
514 1267 620 1324 utilitas
643 1265 681 1323 ad
702 1267 777 1323 vitae
800 1266 910 1323 cultum
935 1277 1013 1324 esset
1037 1267 1196 1339 inventa,1⁰

110 1367 245 1441 ipsasque
266 1384 311 1423 res
333 1365 416 1423 utiles
438 1374 467 1421 et
488 1364 624 1421 salutares
646 1363 768 1421 deorum
794 1381 858 1420 esse
879 1365 1028 1422 vocabulis
1052 1383 1167 1423 nuncu·

109 1475 202 1540 patas,
217 1473 249 1521 ut
270 1481 307 1520 ne
329 1463 387 1520 hoc
402 1461 522 1536 quidem
537 1461 657 1533 diceret,
673 1461 721 1518 illa
741 1461 859 1518 inventa
880 1479 942 1519 esse
958 1461 1096 1533 deorum,
1113 1462 1168 1521 sed

110 1562 174 1636 ipsa
188 1560 293 1618 divina.
336 1560 405 1633 Quo
419 1558 490 1633 quid
505 1558 664 1630 absurdius,
681 1577 769 1633 quam
784 1569 834 1616 aut
854 1576 899 1616 res
921 1558 1055 1617 sordidas
1077 1570 1168 1636 atque

111 1658 249 1716 deformis
261 1657 383 1715 deorum
399 1656 509 1713 honore
521 1655 647 1713 adiicere
660 1665 709 1713 aut
723 1656 858 1714 homines
873 1657 930 1713 iam
944 1667 1038 1714 morte
1051 1657 1168 1717 deletos

110 1773 252 1830 reponere
268 1755 297 1812 in
312 1754 393 1825 deos,
409 1772 534 1828 quorum
548 1754 643 1811 omnis
665 1754 759 1811 cultus
782 1763 858 1811 esset
880 1754 990 1811 futurus
1013 1755 1042 1811 in
1064 1755 1169 1814 luctu?
1180 1772 1199 1812 τε

72 1855 99 1896 ⁸⁹
112 1854 176 1910 Iam
201 1871 272 1910 vero
300 1852 488 1927 Chrysippus,
513 1851 564 1925 qui
592 1851 755 1909 Stoicorum
783 1851 963 1909 somniorum
985 1853 1168 1913 vaferrumus

111 1949 233 2007 habetur
257 1950 406 2023 interpres
428 1966 564 2022 magnam
587 1948 701 2005 turbam
727 1959 885 2023 congregat
906 1949 1073 2023 ignotorum
1094 1949 1168 2008 deo·

110 2066 184 2117 rum,
196 2055 283 2120 atque
298 2047 337 2102 ita
352 2046 525 2120 ignotorum,
536 2054 567 2102 ut
581 2063 632 2102 eos
647 2062 685 2102 ne
697 2046 866 2102 coniectura
876 2043 998 2119 quidem
1009 2046 1168 2105 informare

111 2145 265 2218 possimus,
281 2161 349 2199 curn
370 2160 454 2199 mens
475 2152 573 2199 nostra
587 2141 700 2216 quidvis
721 2141 853 2199 videatur
873 2142 1051 2216 cogitatione
1077 2162 1167 2218 posse

111 2240 290 2316 depingere3
312 2240 351 2296 ait
365 2239 443 2296 enim
457 2239 516 2295 vim
531 2237 658 2295 divinam
673 2238 703 2295 in
718 2240 829 2296 ratione
851 2257 914 2296 esse
936 2239 1061 2312 positam
1085 2250 1115 2298 et
1137 2241 1168 2298 in
1180 2262 1200 2290 ω

111 2338 261 2395 universae
276 2345 394 2393 naturae
410 2335 508 2393 animo
523 2344 610 2409 atque
624 2346 733 2406 mente,
746 2336 900 2410 ipsumque
916 2334 1060 2393 mundum
1074 2335 1169 2395 deum

112 2433 182 2491 dicit
204 2451 267 2491 esse
289 2443 318 2490 et
342 2433 403 2490 eius
429 2433 517 2489 animi
540 2432 685 2489 fusionem
710 2433 882 2503 universam,
899 2442 962 2489 tum
987 2432 1050 2490 eius
1075 2433 1168 2508 ipsius

111 2530 314 2604 principatum,
329 2529 379 2603 qui
400 2529 430 2586 in
451 2538 549 2585 mente
575 2538 603 2586 et
627 2529 739 2586 ratione
760 2540 897 2599 versetur,
913 2547 1167 2606 communemque

111 2644 207 2683 rerum
229 2635 362 2682 naturam
386 2625 660 2699 universitatemque
687 2626 787 2683 omnia
809 2626 1019 2696 continentem,
1034 2635 1098 2684 tum
1125 2630 1166 2687 sa-

111 2723 199 2780 taiem
212 2723 272 2778 vim
286 2732 315 2779 et
329 2722 534 2779 necessitatem
549 2739 644 2778 rerum
660 2723 827 2794 suturarum,
842 2723 940 2797 ignem
962 2732 1116 2797 praeterea
1137 2736 1167 2784 et
1178 2751 1200 2788 as

112 2838 190 2891 eum,
215 2836 303 2893 quem
328 2828 394 2876 ante
418 2818 488 2889 dixi,
513 2818 639 2889 aethera,
665 2830 727 2876 tum
752 2838 796 2892 ea,
818 2838 894 2894 quae
916 2829 1019 2878 natura
1041 2820 1168 2882 fluerent

112 2928 199 2991 atque
213 2925 372 2986 manarent,
387 2925 419 2972 ut
440 2924 469 2972 et
489 2933 595 2989 aquam
617 2925 646 2973 et
667 2927 772 2974 terram
794 2927 823 2974 et
847 2918 922 2988 aera,
938 2916 1038 2988 solem,
1054 2918 1167 2993 lunam,

112 3014 207 3072 sidera
220 3013 493 3087 universitatemque
515 3031 620 3084 rerum,
636 3031 694 3087 qua
714 3015 815 3071 omnia
835 3014 1061 3086 continerentur,
1077 3026 1167 3092 atque

73 3125 99 3166 to
112 3111 200 3168 etiam
214 3108 348 3166 homines
360 3126 419 3180 eos,
431 3110 481 3184 qui
507 3109 742 3167 inmortalitatem
753 3120 850 3168 essent
860 3111 1020 3168 consecuti.
1064 3112 1166 3172 Idem·

112 3224 169 3281 que
191 3207 319 3280 disputat
339 3205 457 3263 aethera
480 3224 544 3264 esse
570 3224 647 3278 eum,
662 3224 752 3281 quem
777 3207 910 3265 homines
937 3209 1039 3265 Iovem
1064 3212 1166 3286 appel·
1179 3240 1201 3278 ao

111 3304 212 3375 larent,
237 3304 346 3378 quique
368 3303 418 3360 aet
441 3320 494 3378 per
516 3304 606 3360 maria
633 3313 773 3375 manaret,
799 3322 867 3362 eum
892 3323 956 3363 esse
980 3305 1166 3381 Neptunum,

112 3409 275 3474 terramque
291 3418 357 3456 eam
371 3417 444 3470 esse,
456 3417 531 3474 quae
546 3400 636 3458 Ceres
647 3400 801 3472 diceretur,
813 3401 956 3475 similique
970 3402 1084 3460 ratione
1099 3423 1166 3480 per-

112 3498 241 3572 sequitur
264 3495 407 3553 vocabula
430 3497 606 3570 reliquorum
631 3496 763 3557 deorum.
807 3497 950 3572 Idemque
976 3499 1064 3555 etiam
1094 3503 1167 3579 legis

112 3604 272 3669 perpetuae
297 3603 326 3650 et
350 3601 484 3650 aeternae
504 3593 573 3663 vim,
593 3611 667 3666 quae
690 3595 772 3667 quasi
793 3594 854 3652 dux
873 3595 948 3652 vitae
973 3605 1003 3652 et
1027 3601 1169 3672 magistra

112 3690 274 3748 officiomm
289 3689 333 3760 sit,
349 3691 453 3747 Iovem
464 3688 535 3747 dicit
549 3706 613 3746 esse
628 3688 812 3765 eandemque
827 3690 942 3748 fatalem
956 3695 1167 3759 necessitatem
1181 3723 1204 3764 ³5
