2504 4170
377 302 443 353 ura.
454 303 490 354 11.
523 303 584 354 cn.
597 303 724 354 1.1-1.111.
758 304 788 367 §5
804 303 922 367 128-132.
1113 307 1170 354 121

108 457 210 517 locum
230 465 264 516 et
286 455 399 516 cubilia
412 457 466 517 sibi
480 456 624 532 nidosque
639 466 811 516 construunt
824 476 934 533 eosque
949 477 1037 533 quam
1051 469 1175 535 possunt

110 555 295 613 mollissume
311 554 508 625 substernunt,
519 564 551 612 ut
564 573 653 629 quam
668 555 811 612 facillume
825 573 881 613 ova
895 566 1062 627 serventur3
1082 557 1172 631 equi-

111 653 167 711 bus
189 652 288 726 pullos
311 669 383 708 cum
397 650 586 722 excuderunt,
601 652 641 708 ita
654 661 779 722 tuentur,
794 661 826 709 ut
840 662 869 709 et
883 652 979 726 pinnis
994 653 1119 725 foveant,
1134 672 1172 713 ne

111 749 220 822 frigore
243 747 408 819 laedantur,
431 757 469 819 et,
493 748 517 805 si
538 758 584 806 est
605 749 685 807 calor
707 767 725 806 a
745 749 816 819 sole,
839 767 870 806 se
891 760 1052 824 opponant.
1095 752 1172 809 Cum

81 855 215 908 sautem
238 844 313 919 pulli
337 844 464 918 pinnulis
488 845 531 902 uti
554 854 686 919 possunt,
711 854 773 902 tum
797 846 910 903 volatus
937 864 1039 904 eorum
1066 858 1171 906 matres

111 951 343 1017 prosequuntur,
358 941 469 1016 reliqua
481 959 551 999 cura
565 942 728 1000 liberantur.
760 942 886 1000 Accedit
900 942 939 1001 ad
952 961 1013 1002 non
1028 944 1216 1010 nullorumno

112 1037 309 1096 animantium
331 1046 361 1096 et
382 1054 481 1095 earum
501 1055 607 1110 rerum,
621 1057 693 1113 quas
714 1048 791 1096 terra
803 1040 904 1114 gignit,
920 1042 1171 1100 conservationem

113 1144 146 1194 et
167 1134 292 1194 salutem
313 1134 467 1192 hominum
485 1135 573 1193 etiam
586 1135 712 1193 sollertia
726 1146 755 1193 et
769 1135 928 1211 diligentia.
971 1138 1049 1195 Nam
1063 1140 1170 1196 multae

113 1242 146 1291 et
167 1226 302 1308 pecudes
325 1241 356 1289 et
378 1232 480 1306 stirpes
502 1241 578 1303 sunt,
601 1250 677 1306 quae
702 1233 764 1290 sine
788 1235 993 1308 procuratione
1018 1235 1171 1294 hominum

75 1357 101 1386 ιο
113 1329 212 1388 salvae
226 1346 370 1387 essenon
387 1337 518 1403 possunt.
561 1330 689 1404 Magnae
710 1330 797 1387 etiam
819 1332 1029 1406 oportunitates
1050 1332 1089 1390 ad
1110 1333 1170 1389 cul-

113 1436 179 1485 tum
194 1425 350 1485 hominum
364 1435 450 1500 atque
465 1425 675 1484 abundantiam
689 1427 761 1484 aliae
776 1428 837 1485 aliis
852 1429 881 1485 in
895 1429 967 1486 locis
980 1430 1170 1503 reperiuntur.

112 1525 283 1599 Aegyptum
298 1522 384 1581 Nilus
399 1522 502 1597 inrigat
515 1532 554 1594 et,
570 1542 639 1581 cum
652 1533 715 1581 tota
728 1535 837 1582 aestate
858 1527 992 1583 obrutam
1006 1527 1171 1601 oppletam-

113 1639 175 1696 que
189 1621 292 1692 tenuit,
307 1629 372 1677 tum
385 1618 498 1677 recedit
511 1621 696 1696 mollitosque
710 1631 740 1679 et
753 1622 908 1680 oblimatos
922 1641 1006 1697 agros
1020 1622 1058 1681 ad
1073 1642 1170 1681 seren-

114 1717 191 1777 dum
216 1716 364 1792 relinquit.
406 1717 654 1792 Mesopotamiam
681 1719 804 1776 fertilem
829 1718 917 1776 efficit
943 1720 1115 1794 Euphrates,
1140 1721 1171 1778 in

74 1839 100 1881 ,ε
114 1833 206 1890 quam
226 1824 300 1889 quot
321 1831 414 1871 annos
435 1814 517 1888 quasi
538 1833 631 1872 novos
652 1833 736 1889 agros
757 1815 875 1872 invehit.
919 1815 1011 1874 Indus
1026 1834 1106 1886 vero,
1121 1818 1171 1891 qui

113 1922 160 1971 est
175 1912 308 1970 omnium
322 1910 474 1968 fluminum
488 1912 641 1983 maximus,
657 1930 717 1969 non
731 1930 808 1986 aqua
822 1911 916 1971 solum
932 1932 1017 1988 agros
1034 1914 1171 1973 laetificat

113 2018 146 2068 et
160 2009 281 2085 mitigat,
296 2005 352 2066 sed
367 2024 418 2065 eos
433 2009 520 2065 etiam
535 2009 681 2080 conserit;
703 2027 839 2083 magnam
853 2010 932 2068 enim
947 2011 1005 2067 vim
1026 2013 1171 2068 seminum

113 2125 218 2182 secum
238 2105 377 2165 frumenti
398 2106 534 2163 similium
556 2105 661 2163 dicitur
682 2105 845 2180 deportare.
888 2108 1041 2182 Multaque
1063 2110 1119 2165 alia
1141 2110 1215 2169 inter

113 2203 178 2262 aliis
191 2203 263 2261 locis
279 2202 549 2260 commemorabilia
562 2203 690 2277 proferre
704 2220 833 2277 possum,
846 2204 951 2260 multos
966 2204 1072 2261 fertiles
1086 2223 1171 2278 agros

74 2325 102 2355 a
115 2301 188 2359 alios
212 2300 336 2358 aliorum
364 2299 518 2357 fructuum.
560 2297 619 2358 Sed
647 2298 695 2355 illa
718 2309 827 2373 quanta
850 2300 1013 2373 benignitas
1039 2310 1214 2371 naturae,58

115 2396 198 2472 quod
213 2406 273 2455 tam
288 2395 380 2453 multa
392 2394 431 2453 ad
445 2395 633 2466 vescendum,
645 2404 705 2453 tam
719 2395 796 2452 varia
810 2405 840 2452 et
854 2404 913 2453 tam
928 2394 1057 2454 iucunda
1069 2398 1169 2471 gignit,

114 2511 212 2570 neque
227 2511 265 2552 ea
277 2510 339 2551 uno
356 2502 488 2567 tempore
510 2493 587 2563 anni,
603 2503 634 2549 ut
655 2509 771 2566 semper
791 2502 821 2548 et
842 2493 969 2549 novitate
991 2491 1171 2551 delectemur

115 2601 146 2649 et
159 2590 267 2666 copia!
310 2589 408 2663 Quam
422 2589 610 2664 tempestivos
625 2597 724 2646 autem
738 2587 829 2658 dedit,
846 2607 934 2662 quam
952 2589 1088 2647 salutares
1110 2609 1170 2649 non

115 2687 208 2746 modo
222 2686 386 2757 hominum,
400 2685 453 2744 sed
467 2687 555 2744 etiam
576 2684 727 2761 pecudum
747 2685 855 2759 generi,
871 2685 905 2742 iis
926 2684 1054 2760 denique
1076 2689 1169 2746 omni·

74 2809 101 2848 ‚5
114 2784 180 2856 bus,
194 2801 270 2859 quae
286 2782 418 2841 oriuntur
437 2800 454 2841 e
476 2792 558 2853 terra,
575 2791 677 2840 ventos
699 2782 831 2840 Etesias!
853 2800 977 2855 quorum
999 2783 1067 2842 flatu
1088 2785 1170 2843 nimii

114 2889 317 2956 temperantur
330 2879 460 2951 calores3
482 2879 520 2938 ab
534 2879 629 2938 isdem
644 2880 732 2937 etiam
747 2880 882 2936 maritimi
898 2898 997 2938 cursus
1012 2882 1123 2939 celeres
1140 2892 1170 2940 et

114 2978 187 3036 certi
210 2977 391 3053 deriguntur.
435 2977 529 3034 Multa
552 2975 764 3050 praetereunda
788 2985 856 3034 sunt
883 2973 928 3052 [et
953 2985 1052 3035 tamen
1079 2980 1170 3036 multa

113 3072 281 3153 dicuntur].
325 3073 496 3131 Enumerari
519 3073 599 3130 enim
620 3091 681 3131 non
702 3083 825 3151 possunt
847 3073 998 3132 fluminum
1020 3076 1213 3149 oportuni-m

112 3182 198 3243 tates,
212 3180 312 3230 aestus
326 3170 462 3228 maritimi
480 3167 635 3247 [multum]
653 3169 830 3228 accedentes
845 3181 873 3227 et
888 3170 1070 3241 recedentes,
1086 3191 1169 3229 mon-

71 3293 100 3331 ao
113 3280 157 3329 tes
170 3269 268 3328 vestiti
281 3277 371 3342 atque
385 3267 537 3338 silvestres,
552 3268 659 3324 salinae
675 3267 711 3324 ab
726 3285 777 3324 ora
791 3268 933 3325 maritima
948 3269 1168 3340 remotissimae,

112 3366 401 3426 medicamentorum
425 3365 592 3423 salutarium
615 3365 799 3438 plenissimae
818 3375 920 3435 terrae,
936 3365 1071 3422 utilitates
1087 3365 1168 3423 deni-

111 3483 170 3540 que
184 3461 416 3523 innumerabiles
429 3460 468 3519 ad
481 3462 591 3519 victum
607 3472 635 3518 et
650 3461 792 3533 advitam
806 3462 996 3519 necessariae.
1031 3462 1095 3518 Iam
1110 3463 1169 3521 diei

109 3563 269 3637 noctisque
283 3557 455 3618 vicissitudo
470 3567 623 3616 conservat
638 3559 800 3615 animantes
813 3558 942 3615 tribuens
962 3555 1041 3614 aliud
1062 3559 1169 3632 agendi

108 3668 239 3737 tempus.
254 3654 336 3716 aliud
351 3654 533 3730 quiescendi.
576 3656 622 3713 Sic
638 3654 767 3730 undique
782 3654 863 3712 omni
884 3653 994 3710 ratione
1016 3654 1168 3711 concludi-

70 3764 154 3820 atur
189 3762 294 3816 mente
329 3752 511 3829 consilioque
546 3751 645 3810 divino
681 3749 782 3811 omnia
821 3752 852 3811 in
891 3750 948 3808 hoc
983 3747 1095 3819 mundo
1129 3750 1169 3808 ad
