2504 4170
41 245 44 251 ’
125 283 186 345 104
450 283 499 331 nu
520 284 665 334 unauna
688 284 848 335 naoauu.

119 446 151 494 ut
172 436 324 512 Epicurus,
341 438 390 511 qui
413 437 452 494 ita
473 437 593 496 dividit:
624 439 764 509 omnium,
779 457 854 514 quae
877 439 945 513 sint,
961 450 1103 500 naturam
1118 459 1175 501 esse
1214 506 1216 529 Ι

119 552 243 608 corpora
257 544 285 590 et
301 535 396 606 inane,
412 553 545 609 quaeque
561 535 604 592 his
619 535 765 593 accidant.
808 536 867 594 Sed
885 556 941 594 nos
963 557 1035 596 cum
1058 539 1176 597 dicimus
1214 534 1216 603 l

119 642 220 687 natura
241 642 374 687 constare
396 631 646 706 administrarique
674 632 826 702 mundum,
847 652 909 691 non
932 635 973 692 ita
995 635 1132 706 dicimus,
1149 646 1176 693 ut
1214 618 1216 671 ἶ

100 764 104 768 Δ
118 728 251 801 glaebam
279 738 329 784 aut
356 728 548 802 fragmentum
577 729 681 802 lapidis
703 739 751 786 aut
773 729 885 804 aliquid
910 732 973 789 eius
1000 732 1086 790 modi
1106 733 1176 790 nulla
1214 758 1216 801 t

120 824 295 882 cohaerendi
311 835 420 894 natura,
437 823 489 881 sed
512 835 543 881 ut
565 826 706 896 arborem,
728 835 760 883 ut
781 828 897 899 animal,
921 829 952 885 in
975 830 1084 904 quibus
1105 812 1216 921 nullas}

119 922 275 992 temeritaS,
291 920 344 978 sed
359 921 432 978 ordo
450 932 570 996 apparet
586 933 614 978 et
629 923 695 980 artis
711 922 856 997 quaedam
871 925 1045 985 similitudo.
1214 938 1216 1027 l

75 985 113 1092 {J
161 1017 276 1091 Quodsi
298 1036 341 1088 ea,
363 1037 438 1092 quae
459 1037 478 1074 a
498 1028 572 1075 terra
593 1001 946 1094 stiqribus‘continentur,
969 1033 1032 1080 arte
1061 1034 1173 1081 naturae
1214 1068 1216 1073 .

118 1116 217 1172 vivunt
232 1125 261 1171 et
279 1115 385 1201 vigent,
401 1116 534 1189 profecto
559 1117 622 1191 ipsa
642 1126 718 1173 terra
739 1116 844 1174 eadem
865 1118 894 1176 vi
915 1120 1087 1178 continetur
1105 1119 1173 1198 [arte
1214 1160 1216 1167 ι

118 1210 267 1289 naturae],
297 1212 416 1287 quippe
435 1230 511 1287 quae
540 1213 689 1287 gravidata
714 1215 873 1272 seminibus
899 1217 1002 1274 omnia
1029 1218 1123 1293 pariat
1148 1228 1174 1274 et

118 1309 221 1367 fundat
242 1327 279 1366 ex
299 1327 372 1380 sese,
395 1311 498 1385 stirpes
520 1311 656 1385 amplexa
677 1312 734 1369 alat
755 1322 785 1369 et
809 1323 914 1387 augeat
936 1314 1061 1389 ipsaque
1091 1316 1173 1372 alatur
1181 1337 1197 1365 a

82 1444 85 1449 -
117 1408 244 1464 vicissim
272 1425 290 1462 a
317 1407 428 1481 superis
450 1409 635 1482 externisque
658 1410 774 1467 naturis
825 1410 1031 1486 Eiusdemque
1053 1413 1171 1488 exspira·
1214 1444 1216 1453 =

118 1505 245 1562 tionibus
257 1515 286 1562 et
305 1506 354 1562 aer
375 1506 458 1562 alitur
479 1516 508 1564 et
529 1506 629 1563 aether
650 1517 679 1564 et
702 1508 801 1564 omnia
821 1526 935 1582 supera.
980 1509 1037 1581 Ita,
1060 1511 1084 1567 si
1106 1520 1172 1568 terra

118 1613 220 1659 natura
246 1612 362 1659 tenetur
389 1613 419 1660 et
443 1604 530 1678 viget,
554 1603 659 1661 eadem
682 1605 756 1661 ratio
784 1605 813 1661 in
837 1604 950 1678 reliquo
974 1606 1090 1664 mundo
1115 1617 1155 1665 est
1163 1627 1170 1678 ;

118 1701 221 1775 stirpes
242 1701 321 1758 enim
342 1710 434 1758 terrae
456 1702 626 1774 inhaerent3
661 1703 823 1760 animantes
851 1712 950 1760 autem
978 1704 1170 1779 adspiratione

119 1798 191 1855 aeris
208 1799 394 1869 sustinentur,
411 1799 532 1873 ipseque
547 1799 597 1857 aer
618 1800 772 1858 nobiscum
793 1799 882 1870 videt,
905 1801 1065 1860 nobiscum
1088 1802 1170 1873 audit,
1179 1826 1195 1864 ιε

118 1896 272 1953 nobiscum
303 1905 405 1967 sonat3
442 1896 512 1952 nihil
547 1897 625 1953 enim
660 1915 761 1955 eorum
796 1897 858 1955 siue
894 1916 930 1955 eo
966 1898 1028 1956 lieri
1060 1910 1171 1976 potest;

119 1994 188 2068 quin
216 1994 304 2050 etiam
331 2004 463 2050 movetur
489 1994 644 2051 nobiscum
656 2015 664 2065 ;
693 2013 880 2069 quacumque
902 1995 983 2053 enim
1006 1998 1092 2069 imus,
1108 2017 1170 2073 qua·

81 2105 106 2146 st
119 2109 245 2164 cumque
259 2109 417 2161 movemur,
432 2090 547 2148 videtur
561 2093 642 2166 quasi
657 2092 755 2149 locum
775 2092 844 2149 dare
866 2102 896 2150 et
917 2093 1036 2152 cedere.
1081 2096 1170 2170 Quae·

119 2206 176 2261 que
190 2188 220 2244 in
235 2187 365 2244 medium
380 2188 478 2245 locum
492 2188 605 2260 mundi,
622 2189 671 2263 qui
686 2202 730 2247 est
748 2190 872 2260 infimus,
889 2199 918 2246 et
939 2209 1015 2264 quae
1039 2211 1057 2248 a
1078 2192 1171 2250 medio

119 2286 148 2342 in
163 2303 298 2359 supemm
315 2304 448 2359 quaeque
464 2288 654 2344 conversione
668 2287 795 2345 rotunda
809 2288 919 2344 circum
934 2288 1068 2346 medium
1083 2290 1171 2347 lerun-
1181 2319 1199 2346 ω

118 2393 172 2454 tur,
183 2401 219 2440 ea
232 2384 432 2440 continentem
447 2385 549 2442 mundi
564 2385 695 2443 efficiunt
709 2403 855 2459 unamque
871 2395 1012 2444 naturam.
1057 2389 1172 2445 Etcum

119 2490 255 2554 quattuor
268 2499 376 2555 genera
390 2481 447 2538 sint
461 2501 626 2557 corpomm,
642 2481 842 2541 vicissitudine
858 2500 959 2540 eorum
979 2485 1085 2544 mundi
1107 2504 1172 2543 con·

118 2578 230 2635 tinuata
243 2588 345 2635 natura
359 2588 411 2636 est.
455 2580 532 2636 Nam
548 2598 584 2636 ex
606 2589 680 2636 terra
701 2599 786 2655 aqua,
802 2598 839 2636 ex
860 2598 936 2654 aqua
956 2582 1048 2640 oritur
1068 2584 1126 2655 aer,
1141 2601 1173 2640 ex

119 2676 185 2732 aere
213 2674 322 2746 aether,
351 2676 460 2734 deinde
482 2687 637 2734 retrorsum
658 2678 786 2735 vicissim
807 2696 844 2734 ex
872 2677 990 2735 aethere
1018 2681 1078 2752 aer,
1107 2679 1172 2738 inde

119 2790 203 2846 aqua,
219 2791 256 2829 ex
270 2791 346 2846 aqua
369 2782 444 2831 terra
465 2774 573 2831 infima.
617 2775 664 2832 Sic
686 2775 793 2832 naturis
816 2773 868 2844 his,
892 2776 1056 2850 exquibus
1078 2778 1201 2839 omnia25

119 2879 263 2938 constant,
280 2888 375 2927 sursus
391 2870 521 2940 deorsuS,
537 2871 612 2929 ultro
634 2872 707 2929 citro
730 2872 964 2929 commeantibus
985 2874 1090 2932 mundi
1112 2893 1170 2950 par-

82 2987 107 3026 as
120 2967 192 3021 tium
212 2967 381 3023 coniunctio
403 2968 578 3026 continetur.
623 2968 706 3041 Quae
729 2978 778 3026 aut
799 2970 976 3043 sempiterna
996 2971 1034 3028 sit
1054 2990 1172 3030 necesse

120 3070 164 3118 est
185 3062 242 3119 hoc
265 3062 373 3119 eodem
394 3075 505 3134 ornatu,
528 3083 616 3138 quem
637 3064 781 3136 videmus,
805 3075 853 3122 aut
875 3077 953 3123 certe
975 3067 1172 3140 perdiutuma,

119 3177 295 3233 permanens
317 3159 355 3216 ad
380 3161 572 3236 longinquum
587 3173 616 3218 et
630 3163 797 3221 inmensum
813 3181 906 3238 paene
924 3173 1050 3239 tempus.
1094 3166 1172 3240 Quo

119 3275 183 3313 rum
210 3258 347 3315 utrumvis
377 3270 407 3315 ut
435 3260 479 3329 sit,
509 3261 637 3332 sequitur
665 3271 766 3318 natura
794 3259 936 3317 mundum
971 3261 1204 3325 administrariav

120 3354 204 3427 Quae
220 3356 297 3412 enim
313 3354 446 3413 classium
461 3356 605 3430 navigatio
620 3366 670 3413 aut
684 3376 759 3431 quae
779 3357 929 3415 instructio
951 3359 1095 3418 exercitus
1116 3369 1172 3431 aut,

119 3470 214 3508 rursus
235 3462 267 3509 ut
289 3470 331 3520 ea,
355 3470 429 3524 quae
451 3462 555 3509 natura
576 3454 673 3524 efficit,
696 3457 889 3526 conferamus
912 3473 987 3530 quae
1009 3458 1172 3531 procreatio

119 3549 183 3604 vitis
205 3558 254 3605 aut
275 3548 393 3618 arboris,
416 3567 491 3622 quae
513 3565 599 3622 porro
621 3550 775 3609 animantis
803 3552 894 3626 figura
921 3553 1172 3629 conformatioque

120 3645 315 3702 membromm
333 3653 443 3701 tantam
464 3655 583 3702 naturae
605 3647 761 3707 sollertiam
783 3649 933 3723 significat,
950 3659 1090 3724 quantam
1110 3651 1172 3726 ipse

120 3740 267 3800 mundus?
308 3744 366 3800 Aut
387 3740 471 3815 igitur
491 3740 562 3798 nihil
584 3752 636 3813 est,
659 3744 740 3817 quod
762 3746 904 3804 sentiente
926 3756 1029 3805 natura
1048 3757 1170 3824 regatur,
1183 3774 1205 3818 35
