2504 4170
116 237 163 317 64
447 250 497 303 oa
517 251 663 302 numm
685 251 846 302 neonuu.

75 415 216 464 rorantem
230 404 391 464 adventum
404 405 435 463 in
448 405 563 463 animos
584 415 615 462 et
635 405 783 463 introitum
804 405 963 479 imaginum
984 402 1092 462 dicitis.
1131 403 1170 463 Ut

117 503 164 561 Ti.
179 502 349 562 Gracchum
362 521 432 560 cum
445 501 548 560 videor
561 503 784 559 contionantem
797 502 828 559 in
848 500 995 575 Capitolio
1015 500 1116 558 videre
1134 499 1169 558 de

119 602 164 660 Μ.
183 600 308 659 Octavio
329 598 510 657 deserentem
532 599 664 668 sitellam,
687 608 748 656 tum
770 615 839 655 eum
860 607 974 655 motum
993 597 1086 655 animi
1106 596 1170 655 dico

119 715 183 755 esse
199 698 326 767 inanem,
337 706 370 754 tu
384 707 483 753 autem
498 706 527 752 et
541 695 672 753 Gracchi
684 704 714 751 et
728 695 844 752 Octavii
858 695 999 768 imagines
1012 711 1170 764 remanere,

119 811 204 868 quae,
226 794 256 851 in
277 792 454 867 Capitolium
477 810 545 848 cum
567 792 758 866 pervenerim,
779 801 842 848 tum
864 790 903 847 ad
923 791 1056 847 animum
1075 809 1194 851 meums

119 891 278 949 referantur
288 910 297 962 ;
319 890 376 946 hoc
400 888 479 946 idem
500 888 561 945 fieri
580 889 611 945 in
628 887 697 958 deo,
716 889 799 945 cuius
816 888 918 946 crebra
937 888 1011 945 facie
1032 888 1173 962 pellantur

76 989 218 1058 inanimi,
247 1006 284 1044 ex
311 1005 371 1061 quo
400 1003 463 1043 esse
492 985 571 1043 beati
599 995 687 1057 atque
715 986 826 1042 aeterni
854 985 1064 1059 intellegantur.
1116 986 1172 1042 Fac

118 1084 259 1159 imagines
294 1101 368 1154 esse,
401 1083 508 1157 quibus
542 1082 694 1156 pulsentur
729 1083 840 1153 animi3
870 1082 983 1156 species
1023 1081 1172 1139 dumtaxat

119 1180 244 1240 obicitur
264 1179 412 1255 quaedam
422 1200 437 1252 ;¹
453 1197 525 1236 num
544 1179 641 1249 etiam,
661 1196 714 1236 cur
737 1197 774 1236 ea
794 1179 881 1237 beata
899 1179 944 1249 sit,
964 1197 1017 1235 cur
1037 1179 1173 1236 aeterna?

120 1278 205 1352 Quae
226 1287 325 1335 autem
345 1276 417 1334 istae
440 1276 580 1350 imagines
603 1287 716 1332 vestrae
742 1284 793 1333 aut
812 1275 914 1333 unde?
954 1277 981 1332 Α
1002 1276 1202 1333 Democritum

119 1375 242 1435 omnino
256 1375 330 1432 haec
344 1374 461 1432 licentia
470 1393 479 1445 ;
501 1371 555 1431 sed
569 1382 599 1430 et
613 1373 660 1430 ille
674 1373 867 1448 reprehensus
888 1393 906 1430 a
925 1372 1022 1430 multis
1043 1382 1098 1445 est,
1120 1390 1173 1430 nec

119 1490 172 1531 vos
196 1472 305 1530 exitum
329 1471 468 1546 reperitis,
492 1480 612 1545 totaque
636 1488 682 1528 res
706 1470 821 1528 vacillat
845 1480 874 1528 et
898 1470 1052 1528 claudicat.
1096 1470 1173 1527 Nam

119 1567 193 1645 quid
220 1577 272 1639 est,
300 1567 382 1642 quod
407 1567 502 1625 minus
529 1568 645 1642 probari
670 1568 771 1642 possit,
799 1586 888 1641 quam
915 1567 1047 1625 omnium
1072 1567 1104 1624 in
1126 1585 1173 1624 me

119 1664 249 1725 incidere
270 1664 419 1740 imagines,
442 1665 577 1735 Homeri,
591 1664 769 1735 Archilochi,
785 1664 913 1734 Romuli,
929 1664 1054 1734 Numae,
1070 1663 1174 1738 Pytha·

109 1780 217 1839 gorae,
233 1762 368 1833 Plutonis,
382 1780 439 1819 nec
453 1779 489 1819 ea
502 1762 604 1834 forma,
619 1780 678 1836 qua
696 1762 735 1818 illi
756 1762 891 1819 fuerunt?
933 1761 1001 1834 Quo
1022 1760 1115 1818 modo
1137 1760 1175 1818 illi
1187 1776 1205 1815 ιε

120 1860 212 1936 ergo?
231 1870 261 1918 et
281 1877 406 1934 quorum
427 1859 589 1933 imagines?
640 1858 794 1933 Orpheum
814 1859 933 1932 po'e'tam
954 1857 1043 1916 docet
1064 1858 1174 1916 Aristo·

120 1957 192 2016 teles
208 1974 384 2039 ¹numquam
413 1956 509 2026 fuisse,
533 1965 563 2013 et
587 1956 645 2014 hoc
671 1955 834 2029 Orphicum
859 1973 978 2012 carmen
1002 1954 1176 2030 Pythagorei

120 2053 216 2113 lerunt
239 2052 391 2111 cuiusdam
416 2053 502 2111 fuisse
528 2052 678 2127 Cercopis.
721 2054 760 2110 At
783 2052 929 2126 Orpheus,
954 2051 985 2108 id
1010 2063 1053 2108 est
1078 2052 1176 2127 imago

77 2150 192 2222 roseius,
215 2160 247 2209 ut
271 2142 322 2209 los
346 2149 439 2220 vultis,
468 2150 498 2207 in
523 2149 653 2207 animum
676 2168 776 2207 meum
800 2167 888 2223 saepe
912 2148 1041 2206 incurrit.
1084 2148 1175 2222 Quid,

121 2246 202 2323 quod
227 2246 358 2306 eiusdem
384 2247 509 2305 hominis
533 2247 563 2304 in
588 2266 687 2304 meum
712 2247 793 2317 aliae,
819 2246 891 2303 aliae
916 2247 946 2303 in
968 2247 1072 2303 tuum?
1093 2245 1209 2320 quid,w

121 2344 202 2419 quod
217 2362 315 2403 earum
329 2362 435 2415 rerum,
451 2361 525 2418 quae
540 2362 701 2418 numquam
716 2343 837 2400 omnino
856 2344 971 2400 suerunt
991 2360 1089 2417 neque
1111 2360 1176 2400 esse
1189 2367 1194 2378 ··

121 2450 286 2517 potuerunt,
311 2450 344 2498 ut
368 2440 488 2515 Scyllae,
513 2451 546 2498 ut
571 2440 766 2500 Chimaerae?
797 2439 878 2514 quid,
904 2439 985 2514 quod
1010 2439 1175 2511 hominum,

121 2540 262 2613 locorum,
278 2541 393 2600 urbium
414 2559 522 2611 earum,
538 2559 609 2616 quas
630 2559 792 2615 numquam
813 2540 959 2599 vidimus?
980 2538 1060 2614 quid,
1082 2539 1175 2615 quod,

122 2638 206 2697 simul
230 2656 265 2696 ac
290 2637 361 2696 mihi
384 2638 544 2695 collibitum
567 2648 620 2708 est,
643 2648 758 2712 praesto
781 2646 826 2695 est
849 2637 967 2712 imago?
987 2636 1069 2711 quid,
1093 2636 1177 2711 quod

121 2734 210 2794 etiam
240 2731 280 2792 nd
310 2733 506 2793 dormientem
527 2734 648 2791 veniunt
678 2735 851 2792 invocatae?
890 2735 968 2792 Tota
989 2751 1043 2804 res,
1071 2735 1175 2805 Vellei,
1189 2756 1210 2796 u

121 2831 272 2907 nugatoria
285 2840 337 2889 est.
378 2829 440 2889 Vos
454 2838 552 2887 autem
566 2848 626 2888 non
641 2831 733 2889 modo
746 2832 839 2889 oculis
853 2832 1003 2906 imagines,
1017 2829 1070 2889 sed
1086 2831 1176 2888 etiam

122 2928 225 2987 animis
252 2927 412 2986 inculcatis.
453 2928 550 2986 Tanta
576 2937 621 2986 est
648 2929 794 3004 inpunitas
819 2929 971 3004 garriendi.
1019 2930 1058 2986 At
1085 2947 1176 3004 quam

78 3008 260 3119 {glicenterl
313 3023 478 3082 Fluentium
506 3025 673 3098 frequenter
700 3026 831 3083 transitio
855 3026 888 3083 fit
914 3027 1068 3097 visionum,
1097 3035 1130 3083 ut
1158 3045 1175 3084 e

123 3119 219 3179 multis
239 3137 298 3178 una
318 3117 458 3179 videatur.
502 3120 628 3179 Puderet
642 3140 696 3180 me
705 3122 803 3180 dicere
819 3140 879 3180 non
893 3122 1069 3197 intellegere,
1084 3123 1176 3182 sivos

122 3214 177 3292 ipsi
191 3216 402 3292 intellegeretis,
417 3217 468 3292 qui
481 3217 536 3276 ista
556 3217 722 3277 defenditis.
766 3219 834 3292 Quo
856 3218 947 3275 modo
968 3219 1047 3276 enim
1067 3219 1176 3292 probas
1189 3242 1213 3280 aa

122 3313 305 3371 continenter
335 3313 474 3388 imagines
506 3314 593 3372 ferri?
621 3323 679 3385 aut,
712 3315 735 3373 si
767 3315 958 3385 continenter,
989 3333 1049 3388 quo
1082 3314 1176 3374 modo

122 3411 278 3469 autemue?
334 3410 595 3482 Innumerabilitas,
640 3411 745 3485 inquis,
790 3410 958 3486 suppeditat
998 3421 1175 3471 atomomm.

123 3503 203 3564 Nunr
217 3504 322 3564 endem
337 3523 406 3580 ergo
421 3506 475 3564 ista
488 3507 583 3579 saciet,
605 3517 638 3565 ut
658 3507 716 3564 sint
736 3508 836 3564 omnia
856 3507 1052 3580 sempiterna?
1093 3509 1176 3566 Con·

122 3600 196 3677 sugis
210 3600 249 3659 nd
263 3601 505 3676 aequilibritatem
520 3605 578 3679 (sic
600 3603 680 3660 enim
702 3602 850 3676 ἰσονομίαν,
872 3603 896 3660 si
916 3603 1023 3677 placet,
1044 3605 1176 3678 appelle-

122 3698 202 3773 mus)
221 3705 251 3757 et
264 3696 315 3769 uis,
330 3698 469 3773 quoniam
482 3701 520 3760 sit
532 3711 636 3759 natura
648 3697 786 3770 mortalis
796 3698 979 3757 inmortalem
1000 3699 1088 3757 etiam
1108 3718 1177 3761 esse
1187 3722 1213 3764 a
