2504 4170
125 276 183 343 152
448 274 497 325 nu
519 275 664 326 narona
686 272 846 325 osonum.

120 431 251 490 bandum
276 429 366 488 deum
391 448 454 488 esse
480 429 674 500 confirmaret,
699 427 860 487 Herculem
883 434 1024 503 negaret:
1050 423 1154 499 ‘Ergo',

76 508 223 616 {finquiq
239 528 328 585 ‘mihi
343 527 520 598 Alabandus
537 528 588 585 tibi
604 527 748 584 Hercules
769 526 805 583 sit
826 526 915 583 iratus
929 527 954 582 l’
998 524 1051 582 Illa
1066 533 1154 593 autem,

121 627 220 696 Balbe,
236 644 311 700 quae
326 635 356 681 tu
372 643 389 681 a
407 625 489 681 caelo
511 624 651 698 astrisque
674 623 812 693 ducebas,
828 640 918 696 quam
940 622 1028 696 longe
1049 627 1154 694 serpant,

120 742 180 780 non
205 723 308 780 vides?
357 723 455 780 Solem
481 721 571 778 deum
600 738 664 779 esse
691 721 873 793 Lunamque,
899 737 1028 793 quorum
1054 718 1154 774 alterum

120 821 286 896 Apollinem
302 820 417 888 Graeci,
433 820 553 875 alteram
572 818 698 874 Dianam
720 825 832 891 putant.
876 815 993 889 Quodsi
1016 816 1095 873 Luna
1112 812 1173 871 deas

121 928 173 988 est,
189 936 257 991 ergo
280 917 368 973 etiam
390 916 507 972 Lucifer
528 926 702 988 ceteraeque
725 923 854 970 errantes
875 930 1032 970 numerum
1053 910 1155 968 deorum

121 1014 295 1073 obtinebunt
305 1033 313 1084 ;
336 1013 421 1087 igitur
435 1012 522 1069 etiam
537 1011 707 1068 inerrantes
750 1010 810 1068 Cur
828 1019 928 1067 autem
950 1009 1042 1084 Arqui
1061 1007 1155 1082 species

120 1129 181 1168 non
195 1111 225 1168 in
237 1110 359 1167 deorum
370 1127 494 1167 numero
509 1109 687 1183 reponatur?
705 1116 749 1164 est
764 1107 843 1164 enim
853 1105 995 1181 pulcher;
1015 1115 1045 1162 et
1055 1105 1091 1162 ob
1103 1120 1154 1160 ean

121 1225 248 1277 causam,
264 1207 333 1280 quia
353 1206 483 1280 speciem
505 1205 611 1262 habeat
632 1204 841 1274 admirabilem,
861 1202 1048 1260 Thaumante
1069 1200 1155 1259 dicitur

121 1304 182 1361 Iris
195 1321 259 1360 esse
274 1313 351 1359 nata.
393 1303 484 1360 Cuius
499 1302 523 1358 si
537 1300 635 1358 divina
649 1311 752 1358 natura
766 1308 818 1370 est,
834 1298 906 1373 quid
920 1299 1011 1356 facies
1029 1295 1177 1356 nubibusln

121 1403 213 1458 Arcus
235 1401 313 1456 enirn
338 1399 400 1473 ipse
422 1416 438 1455 e
459 1398 585 1455 nubibus
607 1397 730 1454 efficitur
750 1394 881 1471 quodam
905 1395 998 1453 modo
1020 1392 1153 1462 coloratis;

121 1515 245 1570 quarum
259 1514 318 1553 una
332 1496 419 1553 etiarn
435 1495 597 1553 Centauros
615 1494 764 1568 peperisse
785 1492 899 1550 dicitur.
943 1492 1060 1566 Quodsi
1080 1490 1153 1548 nubes

121 1594 263 1650 rettuleris
292 1594 321 1649 in
350 1592 431 1663 deos,
456 1590 626 1649 referendae
656 1600 734 1649 certe
764 1598 847 1646 erunt
874 1599 1073 1664 tempestates,
1095 1602 1154 1661 quae

122 1690 223 1764 populi
245 1689 372 1746 Romani
393 1689 493 1746 ritibus
516 1698 704 1745 consecratae
723 1697 799 1745 sunt.
843 1687 922 1760 Ergo
941 1687 1058 1756 imbres,
1072 1681 1154 1751 nimbi,

122 1788 278 1862 procellae,
305 1787 433 1844 turbines
458 1785 507 1843 dei
532 1785 663 1860 putandi.
708 1785 807 1842 Nostri
832 1784 954 1859 quidem
980 1784 1071 1842 duces
1093 1793 1177 1839 mareu

84 1905 110 1947 ω
123 1883 318 1958 ingredientes
339 1883 479 1940 inmolare
494 1883 618 1939 hostiam
633 1882 767 1940 fluctibus
782 1891 971 1939 consuerunt.
1014 1882 1078 1938 Iam
1090 1879 1110 1936 si
1123 1884 1155 1934 est

123 1981 213 2039 Ceres
235 1999 253 2037 a
272 1979 402 2054 gerendo
422 1979 477 2056 (ita
497 1980 576 2036 enim
597 1979 746 2054 dicebas),
762 1989 837 2036 terra
857 1979 921 2052 ipsa
942 1978 1001 2035 dea
1021 1987 1065 2035 est
1084 1975 1156 2034 etita

123 2077 264 2148 habetur;
293 2094 367 2150 quae
391 2085 435 2133 est
457 2076 536 2133 enim
558 2076 613 2133 alia
634 2077 753 2133 Tellus?
795 2076 844 2134 Sin
866 2085 950 2146 terra,
974 2093 1054 2132 mare
1076 2073 1155 2139 etiam,

123 2190 211 2247 quem
224 2174 396 2246 Neptunum
411 2190 474 2229 esse
486 2172 604 2229 dicebas
616 2194 624 2244 ;
641 2191 710 2247 ergo
722 2182 751 2230 et
765 2172 884 2230 flumina
898 2183 928 2230 et
942 2172 1049 2230 sontes.
1072 2173 1156 2243 Itaque

124 2279 153 2327 et
168 2269 268 2326 Fontis
288 2268 439 2327 delubrum
455 2270 540 2326 Maso
562 2287 599 2326 ex
619 2269 740 2327 Corsica
761 2268 917 2339 dedicavit,
933 2278 962 2326 et
984 2269 1015 2326 in
1035 2275 1181 2343 augurun¹⁰

123 2366 292 2439 precatione
306 2365 485 2435 Tiberinum,
501 2365 670 2439 Spinonem,
684 2367 849 2436 Almonem,
862 2365 1026 2437 Nodinum,
1041 2366 1094 2422 alia
1105 2379 1157 2438 pro·

124 2462 299 2537 pinquorunr
313 2462 465 2519 fluminum
480 2463 600 2520 nomina
613 2462 754 2520 videmus.
789 2464 867 2537 Ergo
882 2462 940 2519 hoc
954 2473 1005 2520 aut
1019 2463 1048 2520 in
1063 2463 1157 2519 inmen-

124 2577 190 2617 sum
212 2569 318 2633 serpet,
337 2568 387 2616 aut
404 2559 476 2616 nihil
496 2559 600 2617 horum
619 2560 803 2635 recipiemus,
823 2577 880 2616 nec
902 2559 950 2616 illa
970 2559 1083 2616 infinita
1101 2555 1159 2614 ratio

125 2656 335 2729 superstitionis
354 2656 530 2730 probabitur.
574 2657 654 2714 Nihil
674 2676 743 2732 ergo
762 2657 866 2714 horum
886 2656 1073 2730 probandum
1092 2662 1136 2713 est

81 2728 117 2835 ἓξ
167 2753 306 2809 Dicamus
331 2752 424 2826 igitur,
450 2753 548 2823 Balbe,
575 2764 691 2828 oportet
715 2764 818 2811 contra
842 2754 904 2810 illos
929 2753 1028 2824 etiam,
1050 2752 1100 2828 qui
1118 2749 1184 2806 hosa

125 2848 197 2906 deos
226 2867 262 2906 ex
286 2849 437 2906 hominum
462 2868 568 2924 genere
596 2851 625 2907 in
651 2852 764 2908 caelum
791 2850 943 2908 translatos
970 2869 1032 2908 non
1057 2868 1097 2920 re,
1119 2841 1161 2904 sed

125 2946 263 3019 opinione
287 2963 350 3002 esse
373 2946 484 3019 dicunt,
504 2965 578 3022 quos
601 2957 721 3022 auguste
747 2965 850 3005 omnes
874 2956 1034 3021 sancteque
1057 2959 1161 3004 venera·

125 3061 197 3099 mur.
240 3042 386 3116 Principio
409 3045 494 3101 Ioves
515 3054 572 3101 tres
591 3054 746 3102 numerant
763 3044 791 3114 ii,
806 3045 857 3119 qui
875 3044 1005 3117 theologi
1022 3043 1162 3101 nominan-

124 3149 179 3210 tur,
194 3157 231 3196 ex
251 3139 356 3214 quibus
378 3141 504 3214 primum
527 3151 555 3197 et
577 3141 741 3199 secundum
760 3151 844 3198 natos
859 3141 889 3199 in
903 3141 1039 3212 Arcadia,
1055 3141 1163 3197 alterum

125 3246 206 3310 patre
233 3235 369 3304 Aethere,
396 3254 432 3293 ex
459 3255 518 3311 quo
548 3238 635 3295 etiam
664 3238 866 3312 Proserpinam
894 3245 994 3294 natam
1024 3238 1117 3294 ferunt
1140 3238 1191 3288 et³⁰

127 3332 272 3402 Liberum,
288 3333 410 3388 alterum
429 3343 510 3407 patre
532 3333 632 3403 Caelo,
648 3335 698 3408 qui
719 3334 853 3407 genuisse
875 3333 1041 3391 Minervam
1063 3332 1164 3397 dicitur,

125 3446 214 3502 quam
244 3427 407 3503 principem
439 3439 469 3485 et
500 3430 689 3486 inventricem
720 3430 788 3487 belli
822 3431 925 3500 ferunt,
957 3430 1075 3486 tertium
1105 3428 1164 3486 Cre·

124 3534 246 3595 tens'em,
272 3522 386 3583 Saturni
414 3523 514 3594 filium,
541 3524 621 3581 cuius
647 3527 676 3582 in
701 3526 748 3582 illa
771 3526 865 3584 insula
888 3526 1055 3600 sepulcrum
1078 3533 1164 3582 osten·

125 3620 210 3680 ditur.
252 3620 420 3690 Διόσκουροι
434 3621 521 3677 etiam
537 3619 616 3693 apud
631 3623 735 3679 Graios
750 3622 846 3680 multis
865 3622 962 3680 modis
980 3623 1164 3680 nominantur.

126 3717 214 3776 Primi
233 3726 300 3792 tres,
315 3712 367 3792 qui
387 3717 570 3790 appellantur
583 3717 699 3776 Anaces
713 3717 845 3794 Athenis,
860 3735 897 3776 ex
916 3735 985 3795 rege
1009 3719 1080 3778 Iove
1100 3712 1192 3776 anti-³⁵
