2504 4170
367 295 433 346 nm.
450 295 472 344 1.
506 295 699 355 cuxuxu.
734 296 866 361 §525-30·
1101 297 1140 360 41

60 383 95 408 .„

64 511 67 515 ‚
89 447 235 524 thagoras,
251 448 301 522 qui
322 449 434 506 censuit
456 449 587 506 animum
606 467 668 506 esse
689 467 741 524 per
759 459 890 506 naturam
909 467 1004 506 rerum
1024 467 1143 506 omnem

89 544 237 602 intentum
252 554 282 601 et
296 556 522 616 commeantem,
539 565 576 602 ex
589 564 648 619 quo
663 546 752 603 nostri
767 546 856 602 animi
871 556 1067 620 carperentur,
1083 565 1143 604 non

90 641 162 699 vidit
187 642 375 699 distractione
403 642 597 699 humanorum
625 643 789 701 animorum
813 642 940 717 discerpi
968 653 997 699 et
1025 644 1144 702 lacerari

90 737 181 795 deum
199 749 238 808 et,
253 757 322 795 cum
341 739 437 795 miseri
456 739 545 796 animi
565 749 670 810 essent,
686 739 767 813 quod
787 739 931 814 plerisque
953 741 1142 815 contingeret,

60 845 152 892 stum
174 833 225 892 dei
249 844 361 909 partem
389 852 453 892 esse
482 836 636 907 miseram;
658 835 740 910 quod
764 836 826 893 fieri
850 855 910 893 non
936 848 1040 911 potest.
1084 838 1182 896 Curae

89 941 189 988 autem
204 932 362 1006 quicquam
384 933 528 1007 ignoraret
548 933 661 990 animus
683 933 817 1004 hominis,
834 934 856 990 si
878 944 954 991 esset
969 933 1063 991 deus?
1083 953 1142 1009 quo

89 1027 182 1086 modo
207 1046 293 1103 porro
315 1027 388 1086 deus
413 1029 476 1100 iste,
498 1029 522 1086 si
546 1029 617 1086 nihil
642 1040 718 1087 esset
741 1030 795 1087 nisi
821 1032 943 1102 animuS,
965 1041 1014 1088 aut
1039 1031 1143 1089 infixus

90 1134 140 1183 aut
164 1125 275 1183 infusus
299 1135 376 1183 esset
399 1126 430 1183 in
455 1126 589 1183 mundo?
628 1129 706 1185 Tum
734 1129 942 1202 Xenophanes,
965 1129 1015 1202 qui
1044 1141 1142 1186 mente

89 1222 230 1280 adiuncta
253 1239 342 1279 omne
367 1232 526 1297 praeterea,
549 1222 630 1297 quod
659 1234 735 1282 esset
763 1225 916 1296 infinitum,
939 1225 1028 1282 deum
1052 1227 1143 1284 voluit

59 1341 77 1367 ιο
89 1337 164 1389 esse,
179 1318 218 1376 de
238 1319 303 1394 ipsa
322 1329 421 1376 mente
443 1320 514 1377 item
534 1321 766 1394 reprehenditur,
782 1332 814 1379 ut
831 1322 929 1392 ceteri,
945 1321 983 1379 de
1001 1322 1142 1380 infinitate

89 1425 189 1474 autem
202 1416 413 1487 vehementius,
429 1417 533 1491 inqua
546 1417 617 1474 nihil
631 1436 728 1493 neque
743 1419 871 1476 sentiens
888 1435 984 1492 neque
1002 1420 1141 1477 coniunc-

88 1522 151 1570 tum
180 1522 278 1587 potest
306 1531 402 1586 esse„
432 1515 512 1572 Nam
541 1515 729 1573 Parmenides
753 1515 873 1589 quidem
902 1517 1143 1574 commenticium

88 1608 232 1684 quiddam
253 1629 381 1668 coronae
403 1611 495 1668 simile
517 1611 607 1668 efficit
629 1611 787 1688 (στεφάνην
809 1611 950 1687 appellat)
972 1613 1142 1671 continente

87 1707 193 1766 ardore
207 1709 280 1766 lucis
294 1709 406 1779 orbem,
422 1710 472 1782 qui
487 1709 584 1783 cingat
598 1709 722 1779 caelum,
737 1727 826 1783 quem
840 1709 967 1784 appellat
981 1709 1090 1782 deum,
1112 1711 1143 1767 in

61 1824 149 1880 squo
171 1823 268 1880 neque
290 1807 412 1881 figuram
428 1805 555 1863 divinam
577 1823 673 1880 neque
695 1823 814 1863 sensum
828 1807 982 1880 quisquam
1004 1807 1143 1880 suspicari

87 1913 186 1978 potest
196 1923 205 1974 ς
228 1903 377 1977 multaque
399 1902 532 1960 eiusdem
558 1904 639 1959 modi
661 1912 799 1972 monstra,
822 1903 931 1977 quippe
953 1903 1003 1977 qui
1023 1903 1141 1973 bellum,

87 2001 138 2074 qui
154 1999 340 2070 discordiam,
355 2000 405 2074 qui
427 1998 617 2074 cupiditatem
640 2009 795 2073 ceteraque
816 1999 930 2073 generis
952 1998 1084 2056 eiusdem
1103 1998 1142 2057 ad

87 2097 179 2154 deum
204 2105 330 2166 revocet,
357 2114 432 2170 quae
456 2096 503 2153 vel
527 2096 631 2153 morbo
655 2096 701 2153 vel
726 2113 831 2152 somno
856 2096 901 2152 vel
925 2095 1072 2153 oblivione
1095 2097 1141 2154 vel

85 2203 231 2251 vetustate
247 2192 399 2265 delentur3
421 2193 588 2267 eademque
602 2192 640 2249 de
656 2192 807 2262 sideribus,
823 2211 898 2266 quae
917 2192 1094 2266 reprehensa
1113 2195 1143 2250 in

59 2311 73 2337 ο
86 2291 145 2349 alio
173 2291 231 2347 iam
259 2290 289 2347 in
317 2290 374 2347 hoc
403 2291 582 2347 omittantur.
626 2289 824 2364 Empedocles
849 2299 947 2346 autem
972 2289 1063 2347 multa
1086 2291 1141 2346 alia
1149 2272 1185 2379 ¹2}

86 2405 218 2462 peccans
246 2387 276 2444 in
304 2386 428 2444 deorum
456 2387 596 2461 opinione
624 2387 799 2461 turpissume
828 2386 940 2444 labitur.
997 2386 1142 2459 Quattuor

86 2485 168 2542 enim
189 2494 314 2554 naturas,
337 2501 373 2541 ex
393 2483 500 2558 quibus
513 2483 625 2552 ‚omnia
649 2493 782 2540 constare
807 2493 917 2553 censet,
940 2482 1053 2541 divinas
1078 2502 1141 2541 esse

85 2583 147 2640 vult
158 2602 167 2654 ;
189 2599 261 2656 quas
282 2591 311 2638 et
332 2581 414 2638 nasci
434 2590 463 2638 et
485 2580 614 2656 extingui
634 2581 822 2656 perspicuum
842 2590 886 2637 est
906 2590 935 2638 et
953 2598 1040 2638 sensu
1061 2582 1142 2638 omni

87 2696 197 2736 carere.
240 2678 306 2735 Nec
327 2696 396 2736 vero
419 2680 599 2752 Protagoras,
618 2677 668 2752 qui
689 2695 753 2735 sese
775 2688 862 2752 negat
883 2678 1004 2735 omnino
1022 2676 1060 2735 de
1078 2677 1142 2736 deis

60 2775 196 2836 shabere
222 2774 303 2849 quod
330 2775 448 2849 liqueat,
474 2775 539 2846 sint,
565 2794 625 2833 non
651 2775 707 2833 sint
732 2775 866 2849 qualesve
892 2775 957 2844 sint,
983 2775 1141 2849 quicquam

85 2871 203 2930 videtur
221 2871 259 2929 de
281 2882 384 2929 natura
400 2872 524 2929 deorum
545 2872 693 2946 suspicari.
736 2869 838 2945 Quid?
881 2872 1076 2940 Democritus,
1092 2872 1142 2946 qui

86 2978 150 3026 tum
172 2969 313 3043 imagines
335 2987 494 3043 earumque
515 2968 683 3026 circumitus
705 2969 736 3025 in
756 2968 880 3026 deorum
901 2986 1024 3025 numero
1046 2968 1140 3039 refert,

86 3075 150 3123 tum
165 3065 243 3122 illam
259 3075 399 3136 naturam,
415 3082 490 3140 quae
512 3065 653 3140 imagines
675 3064 776 3122 fundat
796 3083 831 3121 ac
851 3065 954 3135 mittat,
970 3074 1032 3122 tum
1047 3065 1141 3121 scien·

86 3163 158 3220 tiam
175 3162 462 3238 intellegentiamque
480 3171 618 3232 nostram,
634 3179 733 3219 nonne
748 3162 778 3219 in
794 3161 922 3218 maximo
937 3178 1032 3218 errore
1047 3179 1142 3218 versa·

59 3282 74 3309 0
87 3260 154 3317 tur?
175 3277 244 3317 cum
266 3259 346 3317 idem
366 3259 497 3329 omnin0,
520 3259 589 3333 quia
609 3259 679 3315 nihil
701 3276 817 3333 semper
839 3276 893 3316 suo
915 3267 990 3316 statu
1016 3267 1141 3329 maneat,

86 3366 176 3432 neget
201 3374 265 3413 esse
290 3357 450 3430 quicquam
474 3356 693 3430 sempitemum,
716 3373 815 3413 nonne
838 3355 928 3413 deum
954 3355 1075 3413 omnino
1103 3355 1143 3412 ita

85 3454 169 3524 tollit,
193 3464 225 3510 ut
246 3453 356 3510 nullam
377 3453 547 3527 opinionem
568 3453 629 3509 eius
650 3453 791 3526 reliquam
814 3453 921 3509 faciat?
961 3450 1063 3524 Quid?
1083 3451 1141 3523 aer,

86 3568 148 3624 quo
177 3550 329 3623 Diogenes
357 3549 555 3622 Apolloniates
580 3549 668 3605 utitur
689 3548 756 3619 deo,
779 3567 867 3623 quem
892 3566 1010 3605 sensum
1035 3547 1141 3605 habere

86 3655 186 3721 potest
210 3655 261 3704 aut
282 3664 371 3720 quam
396 3645 519 3701 formam
542 3644 610 3701 dei?
652 3646 714 3701 Iam
737 3644 775 3702 de
799 3645 925 3703 Platonis
947 3645 1181 3702 inconstantiam

60 3763 73 3802 s
85 3745 209 3820 longum
223 3752 269 3801 est
284 3742 392 3812 dicere,
408 3742 458 3816 qui
472 3741 502 3800 in
515 3742 638 3798 Timaeo
652 3752 767 3817 patrem
783 3741 867 3798 huius
882 3740 984 3798 mundi
997 3742 1143 3800 nominari
1165 3762 1167 3766 ’
