2504 4170
118 213 158 292 38
444 226 493 276 oa
514 226 658 276 narona
682 225 841 276 osonum

116 399 190 450 mus,
206 380 294 439 Cotta
307 379 420 451 viderit,
435 389 467 437 tu
486 389 584 437 autem
600 379 671 437 nolo
686 378 832 437 existimes
851 395 899 460 me
921 377 1092 437 adiutorem
1107 378 1176 437 hnic

115 479 238 548 venisse,
255 476 308 535 sed
323 477 495 547 auditorem,
511 488 540 534 et
555 477 676 550 quidem
698 495 833 550 aequum,
849 476 939 533 libero
958 476 1081 547 iudicio,
1097 477 1177 533 nulla

116 577 177 634 eius
192 575 274 633 modi
289 574 459 632 adstrictum
474 574 656 644 necessitate,
672 582 704 631 ut
726 573 805 643 mihi,
821 573 908 630 velim
922 572 1024 644 nolim,
1041 573 1080 630 sit
1095 583 1176 631 certa

116 672 262 748 quaedam
276 671 387 729 tuenda
400 671 554 728 sententia.

78 741 103 847 ᾗ
155 773 232 828 Tum
254 770 382 827 Velleius
402 768 527 826 fidenter
546 786 624 838 sane,
645 778 676 826 ut
698 768 793 826 solent
810 767 866 838 isti,
886 767 957 824 nihil
975 778 1037 825 tam
1057 786 1202 839 verenss

116 887 203 942 quam
225 885 263 924 ne
286 867 419 925 dubitare
442 866 540 939 aliqua
564 864 603 922 de
627 883 658 922 re
683 865 837 935 videretur,
852 875 1004 938 tamquam
1027 864 1123 923 modo
1139 883 1175 922 ex

115 964 238 1023 deorum
271 964 397 1022 concilio
429 973 459 1020 et
494 979 531 1019 ex
567 962 686 1036 Epicuri
721 961 923 1019 intermundiis
955 960 1173 1033 descendisset,

116 1063 232 1133 Audite,
258 1062 359 1136 inquit,
389 1079 450 1117 non
478 1059 576 1116 futtilis
606 1059 887 1133 commenticiasque
916 1059 1086 1131 sententias,
1111 1078 1174 1118 non

116 1160 253 1234 opificem
275 1157 552 1230 aedificatoremque
576 1156 687 1226 mundi,
711 1156 838 1213 Platonis
859 1155 898 1213 de
920 1150 1047 1214 Timaeo
1071 1157 1173 1230 deum,

115 1273 172 1313 nec
199 1274 288 1312 anum
310 1254 467 1324 fatidicam,
491 1254 655 1311 Stoicorum
683 1252 820 1328 πρόνοιαν,
850 1270 939 1328 quam
968 1254 1072 1311 Latine
1102 1255 1207 1313 liceto

116 1352 387 1427 providentiam
406 1350 521 1421 dicere,
539 1367 636 1424 neque
654 1368 725 1407 vero
741 1349 885 1408 mundum
906 1351 1000 1424 ipsum
1021 1351 1123 1409 animo
1144 1362 1174 1411 et

116 1449 247 1507 sensibus
267 1448 442 1523 praeditum,
454 1448 622 1518 rotundum,
639 1447 800 1518 ardentem,
815 1448 971 1506 volubilem
986 1447 1088 1519 deum,
1104 1468 1171 1524 por·

115 1556 196 1604 tenta
210 1556 239 1602 et
260 1545 397 1601 miracula
418 1564 477 1602 non
500 1544 704 1610 disserentium
725 1545 976 1620 philosophorum,
992 1544 1046 1602 sed
1060 1547 1172 1605 somni·

77 1657 104 1700 19
115 1645 236 1701 antium.
292 1642 406 1714 Quibus
435 1643 513 1699 enim
542 1642 634 1698 oculis
666 1639 788 1719 [animi]
821 1642 923 1714 intueri
951 1643 1048 1716 potuit
1075 1654 1174 1702 vester

116 1742 198 1799 Plato
221 1739 359 1796 fabricam
384 1739 461 1795 illam
486 1739 558 1796 tanti
583 1738 688 1813 operis,
712 1757 771 1812 qua
796 1738 925 1795 construi
950 1757 968 1796 a
992 1737 1051 1796 deo
1081 1751 1172 1816 atque
1186 1758 1207 1797 1⁵

115 1836 262 1896 aedificari
287 1836 431 1893 mundum
456 1837 544 1893 facit?
572 1854 647 1909 quae
672 1833 793 1905 m'oliti0‚
815 1853 892 1911 quae
914 1836 1098 1909 ferramenta,
1122 1839 1174 1914 qui

114 1944 223 2004 vectes,
253 1952 328 2008 quae
357 1933 520 2003 machinae,
550 1933 599 2007 qui
628 1932 750 1990 ministri
777 1933 850 1990 tanti
879 1933 1005 1990 muneris
1034 1934 1174 2016 fuerunt?

115 2050 204 2106 quem
219 2029 258 2087 ad
279 2030 403 2088 modum
424 2040 523 2088 autem
537 2028 677 2087 oboedire
695 2039 725 2087 et
746 2032 846 2104 p‘arere
861 2030 1001 2088 voluntati
1016 2012 1173 2092 architecti

115 2129 173 2199 aer,
189 2128 271 2202 igniS,
287 2145 373 2201 aqua,
388 2137 463 2184 terra
477 2128 655 2202 potuerunt?
675 2124 756 2183 unde
770 2144 839 2183 vero
861 2137 940 2184 ortae
958 2127 1022 2184 illae
1038 2129 1172 2205 quinque

116 2226 235 2295 formae,
252 2241 288 2281 ex
308 2225 413 2297 quibus
433 2224 543 2298 reliqua
556 2224 724 2292 formantur,
740 2232 807 2297 apte
829 2222 969 2282 cadentes
984 2222 1022 2280 ad
1037 2224 1172 2285 animum
1186 2249 1209 2276 w

115 2320 306 2380 afficiendum
334 2320 549 2396 pariendosque
578 2320 701 2378 sensus?
757 2319 891 2394 Longum
920 2332 963 2378 est
991 2319 1028 2376 ad
1059 2324 1171 2396 omnia,

117 2439 191 2495 quae
213 2419 281 2477 talia
302 2429 377 2490 sunt,
392 2430 424 2475 ut
445 2429 547 2493 optata
567 2418 658 2491 magis
674 2435 762 2491 quam
783 2416 901 2474 inventa
921 2417 1074 2475 videantur
1084 2439 1092 2490 3
1117 2421 1173 2480 sed

77 2519 164 2575 ailla
191 2518 338 2592 palmaria,
367 2516 457 2591 quod,
486 2517 536 2590 qui
563 2535 624 2573 non
657 2514 749 2572 modo
776 2524 878 2572 natum
906 2514 1049 2573 mundum
1078 2517 1171 2576 intro·

29 2684 33 2692 ι
117 2614 239 2683 duxerit,
262 2612 315 2670 sed
340 2614 427 2670 etiam
455 2631 543 2669 manu
571 2629 666 2687 paene
688 2612 805 2681 factum,
828 2611 852 2668 is
880 2631 949 2669 eum
977 2611 1082 2670 dixerit
1107 2615 1171 2674 fore

117 2711 334 2785 sempiternum.
378 2711 469 2766 Hunc
491 2726 594 2766 censes
614 2708 724 2783 primis,
742 2717 775 2766 ut
795 2707 909 2780 dicitur,
930 2709 1015 2766 labris
1036 2721 1170 2783 gustasse
1184 2737 1208 2776 25

117 2806 338 2881 physiologiam,
361 2804 391 2863 id
416 2816 460 2863 est
486 2815 606 2862 naturae
634 2805 786 2876 rationem,
815 2804 866 2880 qui
894 2807 1060 2880 quicquam,
1086 2809 1170 2881 quod

116 2915 212 2962 ortum
231 2903 275 2974 sit,
290 2913 374 2978 putet
396 2914 547 2960 aeternum
572 2921 635 2961 esse
657 2904 764 2978 posse?
807 2894 891 2977 Quae
909 2912 953 2960 est
975 2903 1053 2959 eninr
1079 2923 1168 2981 coag-

117 3001 256 3060 mentatio
278 3019 339 3058 non
364 3001 558 3059 dissolubilis?
578 3011 628 3058 aut
652 2999 724 3075 quid
749 3011 801 3071 est,
817 3000 900 3057 cuius
924 2999 1101 3075 principium
1117 3004 1169 3061 ali-

116 3099 197 3174 quod
218 3099 263 3169 sit,
278 3098 349 3155 nihil
370 3098 405 3154 sit
426 3099 609 3156 extremum?
651 3100 785 3156 Pronoea
804 3115 873 3154 vero
895 3107 998 3167 vestra,
1018 3097 1120 3167 Lucili,
1145 3102 1170 3158 si

116 3207 160 3255 est
180 3197 289 3266 eadem,
311 3195 417 3252 eadem
438 3195 562 3269 requiro,
585 3212 660 3270 quae
681 3195 770 3270 paulo
791 3204 868 3265 ante,
884 3194 1038 3263 ministros,
1055 3196 1167 3253 machi·
1182 3222 1208 3258 30

116 3313 176 3366 nas,
192 3312 312 3351 onmem
336 3293 424 3350 totius
438 3293 534 3366 operis
549 3292 789 3367 dissignationem
805 3302 893 3366 atque
908 3301 1098 3366 apparatum;
1122 3295 1169 3352 sin

115 3392 170 3448 alia
191 3401 243 3462 est,
259 3409 311 3448 cur
331 3389 483 3447 mortalem
504 3389 604 3446 fecerit
626 3388 779 3458 mundum,
795 3407 864 3458 non,
880 3406 968 3461 quem
983 3386 1022 3444 ad
1043 3389 1168 3448 modum

77 3462 282 3569 &Platonicus
311 3487 394 3558 deus,
418 3487 636 3560 sempiternum.
678 3485 724 3542 Ab
745 3494 868 3559 utroque
898 3484 1167 3567 autempseisciton

115 3604 167 3643 cur
185 3585 287 3643 mundi
308 3585 508 3642 aedificatores
529 3593 650 3658 repente
671 3582 840 3651 exstiterint,
860 3581 1082 3639 innumerabilia
1103 3603 1168 3655 sae-

115 3682 161 3740 cla
181 3682 351 3740 dormierint
361 3703 370 3754 ;
392 3698 453 3738 non
474 3681 562 3751 enim,
583 3681 607 3738 si
628 3677 755 3738 mundus
782 3679 877 3736 nullus
898 3689 967 3748 erat,
990 3679 1085 3735 saecla
1094 3670 1169 3811 {bron
1183 3713 1209 3749 35

1102 3972 1126 4075 l
