2504 4170
118 228 178 277 102
445 222 494 272 DE
516 220 662 272 xart'ttn
685 218 846 273 DEORUM.

112 381 200 457 igitur
212 379 397 456 providentia
410 376 533 435 deornm
555 374 699 434 mundum
721 386 752 434 et
772 394 881 435 ornnes
903 375 1013 435 mundi
1034 384 1156 454 perteret

113 479 197 537 initio
220 478 392 535 constitutas
414 493 478 532 esse
501 486 531 531 et
553 475 636 531 omni
659 486 791 548 tempore
813 472 1016 533 administrari
1028 496 1036 547 ς
1057 491 1157 549 eamque

114 575 345 653 disputationem
361 574 410 631 tris
424 574 453 630 in
473 582 571 646 partes
592 572 682 628 nostri
704 572 762 628 fere
783 569 934 643 dividunt,
948 590 1075 647 quarum
1087 572 1158 648 priua

113 692 179 749 pars
194 684 248 744 est,
263 690 339 746 quae
354 671 471 729 ducitur
484 670 523 727 ab
537 685 573 725 ea
587 669 709 739 ratione,
724 686 800 742 quae
816 667 909 727 docet
924 687 991 727 esse
1008 669 1081 728 deos
1090 690 1099 741 ;
1115 686 1159 744 quo

114 789 259 830 concesso
280 768 483 827 confitendum
498 776 543 823 est
557 783 659 822 eorum
675 766 797 823 consilio
811 765 962 825 mundum
976 766 1174 826 administrant

115 868 252 927 Secunda
266 877 309 924 est
323 878 431 936 autem,
443 882 518 938 quae
531 862 621 921 docet
636 881 739 921 omnes
752 881 798 920 res
812 863 966 922 subiectas
979 882 1048 923 esse
1062 874 1160 923 naturae

114 965 260 1036 sentienti,
275 965 314 1021 ab
328 982 422 1038 eaque
436 962 537 1019 omnia
557 961 762 1035 pulcherrume
776 960 836 1036 geri
848 981 857 1032 ;
880 979 949 1036 quo,
959 963 1117 1021 constituto
1128 978 1161 1019 se

114 1063 211 1137 quitur
224 1063 263 1120 ab
277 1061 473 1119 animantibus
488 1058 638 1134 principiis
659 1076 695 1116 ea
717 1075 781 1115 esse
802 1069 954 1133 generata
997 1061 1111 1118 Tertius
1129 1066 1162 1117 est

114 1160 205 1231 locus,
221 1159 271 1236 qui
286 1158 403 1216 ducitur
423 1176 461 1215 ex
481 1156 674 1213 admiratione
695 1174 791 1213 rerum
813 1155 989 1215 caelestium
1013 1168 1101 1234 atque
1119 1166 1161 1215 ter·

114 1259 256 1316 restrium.
1168 1274 1181 1305 ¹

77 1367 103 1409 ru
157 1357 284 1414 Primum
300 1355 385 1429 igitur
399 1365 447 1411 aut
462 1351 632 1427 negandum
653 1362 697 1410 est
718 1369 782 1411 esse
804 1350 888 1424 deos,
904 1353 989 1429 quod
1013 1364 1046 1413 et
1068 1355 1162 1413 Demo

115 1454 202 1510 critus
217 1453 371 1511 simulacra
392 1462 421 1508 et
444 1451 588 1525 Epicurus
610 1450 751 1525 imagines
774 1448 920 1509 inducens
934 1451 1069 1526 quodam
1090 1460 1163 1527 pacto

114 1561 211 1625 negat,
227 1562 285 1622 aut,
300 1550 350 1624 qui
366 1549 439 1607 deos
454 1566 517 1606 esse
532 1546 709 1617 concedant,
724 1548 757 1604 iis
772 1546 926 1606 fatendum
938 1560 986 1607 est
999 1567 1055 1609 eos
1069 1545 1164 1624 aliquid

115 1666 209 1722 agere,
226 1647 314 1722 idque
330 1647 530 1722 praeclan1m;
552 1645 622 1702 nihil
637 1654 681 1702 est
695 1654 794 1702 autem
814 1646 993 1719 praeclarius
1007 1646 1112 1705 mundi
1124 1643 1164 1703 ad·

116 1746 347 1816 ministratione;
373 1744 496 1802 deorum
518 1743 603 1817 igitur
624 1743 746 1800 consilio
769 1741 996 1802 administratur.
1041 1742 1130 1818 Quod
1147 1740 1186 1799 sit

117 1842 198 1899 aliter
219 1854 271 1913 est,
287 1841 397 1916 aliquid
419 1840 551 1916 profecto
573 1840 608 1897 sit
630 1858 752 1897 necesse
776 1849 820 1897 est
843 1839 949 1898 melius
972 1850 1004 1899 et
1026 1838 1166 1899 maiorevi

117 1938 281 2014 praeditum
298 1957 387 2014 quam
410 1938 492 2007 deus,
508 1937 594 2011 quale
615 1936 647 1995 id
669 1954 796 2012 cumque
818 1945 871 2008 est,
887 1937 948 1995 sive
973 1938 1105 1997 inanima
1124 1954 1166 1996 na·

117 2046 180 2093 tura
194 2037 253 2093 sive
275 2037 433 2094 necessitas
448 2035 476 2092 vi
497 2053 603 2109 magna
625 2035 745 2092 incitata
766 2034 841 2092 haec
864 2034 1067 2110 pulcherrima
1088 2052 1168 2112 opera

79 2147 104 2190 tt
118 2133 257 2203 efficiens,
272 2151 347 2207 quae
368 2132 511 2189 videmus.
555 2132 624 2189 Nou
648 2141 692 2189 est
715 2132 799 2207 igitur
820 2141 923 2189 natura
945 2132 1074 2193 deorum
1095 2149 1166 2208 prae-

118 2241 223 2305 potens
238 2248 334 2305 neque
350 2231 505 2299 excellens,
520 2229 666 2304 siquidem
680 2248 717 2287 ea
730 2229 862 2288 subiecta
875 2238 921 2287 est
938 2231 967 2288 ei
981 2232 1029 2289 vel
1051 2229 1167 2290 necessi-
1176 2252 1192 2281 ω

118 2328 169 2385 tati
185 2327 232 2384 vel
252 2338 381 2397 naturae,
396 2345 455 2401 qua
476 2327 598 2397 caelum,
624 2327 723 2398 maria,
745 2337 839 2385 terrae
861 2337 999 2402 regantur
1009 2349 1018 2402 ς
1040 2328 1113 2387 nihil
1132 2334 1170 2386 est

118 2433 217 2481 autern
232 2425 423 2498 praestantius
438 2423 516 2495 de03
538 2424 575 2481 ab
590 2441 627 2481 eo
642 2424 727 2498 igitur
743 2422 888 2482 mundum
908 2441 1034 2484 necesse
1049 2435 1096 2485 est
1107 2423 1169 2500 regi

120 2521 198 2578 Nulli
219 2521 303 2595 igitur
324 2531 369 2580 est
391 2531 509 2578 naturae
529 2520 691 2579 oboediens
713 2529 763 2579 aut
785 2521 934 2580 subiectus
955 2521 1042 2595 deus,
1057 2540 1171 2583 omnem

120 2635 189 2691 ergo
210 2618 283 2691 regit
304 2618 366 2693 ipse
388 2628 529 2676 naturam.
572 2619 690 2675 Etenim
713 2618 735 2675 si
759 2616 952 2677 concedimus
974 2619 1172 2697 intellegentes

120 2733 183 2771 esse
212 2713 294 2784 deos,
320 2714 512 2773 concedimus
541 2716 629 2773 etiam
657 2715 854 2790 providentes,
879 2725 910 2773 et
933 2734 1031 2775 rerum
1057 2717 1198 2794 quidemn

121 2829 330 2869 maxumarum.
374 2813 454 2886 Ergo
476 2822 572 2870 utrum
595 2813 738 2886 ignorant,
760 2830 836 2886 quae
858 2830 904 2871 res
927 2831 1089 2874 maxumae
1112 2815 1173 2885 sint

120 2924 238 2981 quoque
268 2925 320 2964 eae
349 2907 440 2966 modo
469 2908 638 2966 tractandae
666 2918 697 2966 et
724 2909 860 2980 tuendae,
885 2927 924 2967 an
947 2910 1008 2968 vim
1036 2929 1100 2972 non
1127 2912 1174 2971 ha·

120 3003 201 3073 bent‚
226 3020 285 3077 qua
311 3014 404 3062 tantas
432 3023 478 3062 res
506 3006 668 3063 sustineant
695 3015 724 3063 et
748 3007 870 3081 gerant?
910 3008 949 3064 At
976 3016 1008 3066 et
1035 3007 1175 3085 ignoratio

120 3118 215 3157 rerum
238 3098 331 3156 aliena
352 3113 470 3159 naturae
492 3100 617 3160 deorum
637 3112 689 3172 est,
705 3112 734 3160 et
756 3102 917 3161 sustinendi
938 3105 1070 3164 muneris
1091 3122 1175 3183 prop

122 3206 165 3253 ter
199 3195 416 3254 inbecillitatem
451 3197 606 3256 difficultas
648 3199 768 3256 minime
804 3199 883 3257 cadit
923 3199 953 3258 in
994 3202 1206 3267 maiestatemn

123 3291 255 3350 deorum.
307 3293 353 3350 Ex
380 3311 440 3368 quo
468 3294 591 3352 efficitur
617 3294 658 3365 id,
683 3294 765 3369 quod
789 3296 931 3367 volumus,
957 3295 1086 3358 deorum
1113 3317 1177 3376 pro·

79 3371 113 3481 ξιξ
124 3388 252 3446 videntia
277 3390 419 3448 mundum
444 3389 646 3450 administrari.
688 3392 777 3467 Atqui
804 3411 925 3451 necesse
950 3402 1005 3466 est,
1029 3413 1102 3456 curn
1124 3397 1180 3457 sint

123 3484 162 3553 di,
178 3486 201 3543 si
223 3484 314 3542 ruodo
337 3496 412 3557 sunt,
427 3496 459 3544 ut
480 3488 614 3561 profecto
638 3499 713 3559 sunt,
736 3490 889 3548 animantis
913 3507 988 3562 esse,
1003 3510 1063 3551 nec
1086 3495 1181 3553 solum

123 3582 287 3650 animantis,
303 3580 458 3640 sedetiam
480 3584 598 3641 rationis
619 3597 773 3659 compotes
795 3587 869 3643 inter
891 3604 983 3660 seque
997 3592 1085 3664 quasi
1106 3590 1182 3651 civili

124 3678 329 3736 conciliatione
344 3686 374 3735 et
388 3678 527 3736 societate
542 3681 724 3752 coniunctos
737 3701 828 3740 unum
842 3683 987 3742 mundum
1001 3695 1211 3753 neomutus
