2504 4170
329 266 397 316 LIB.
408 266 445 316 II.
477 265 539 316 CAP.
550 265 648 326 XXXI,
660 266 774 314 XXXII.
810 265 841 329 ἐξ
855 264 944 330 76-82.
1103 267 1160 341 103

82 439 172 501 ,nem
184 439 251 479 rem
265 421 417 497 publicam
431 431 519 496 atque
533 421 635 478 urbem
649 421 777 496 aliquam
794 420 930 495 regentis.
972 419 1115 495 Sequitur,
1130 429 1163 477 ut
1175 430 1202 472 ru

101 517 210 576 eadem
232 518 269 575 sit
291 518 321 574 in
346 517 390 588 iis,
404 536 480 592 quae
504 517 633 575 humano
656 519 687 576 in
710 536 827 593 genere,
841 518 923 588 rati0‚
938 517 1044 574 eadem
1058 517 1162 574 veritas

101 616 260 689 utrobique
276 615 313 672 sit
327 614 492 690 eademque
507 615 561 686 lex,
576 633 652 690 quae
674 624 718 673 est
738 615 811 672 recti
832 615 1001 689 praeceptio
1022 614 1162 688 pravique

102 711 249 787 depulsio.
294 713 341 768 Ex
355 731 415 786 quo
430 712 604 786 intellegitur
624 713 809 788 prudentiam
824 729 942 785 quoque
958 721 987 768 et
1002 721 1131 769 mentem
1146 729 1165 768 a

70 833 83 873 s
103 809 168 868 deis
183 808 223 867 ad
237 808 374 867 homines
388 809 563 884 pervenisse,
579 809 618 867 ob
633 828 757 883 eamque
775 827 894 865 causam
916 809 1060 866 maiorum
1083 808 1163 866 insti-

103 907 173 965 tutis
188 925 283 978 mens,
299 905 383 977 fides,
397 906 495 976 virtus,
511 905 671 963 concordia
688 915 876 963 consecratae
897 915 928 962 et
948 906 1065 981 publice
1080 903 1163 963 dedi·

104 1014 188 1062 catae
210 1013 288 1062 sunt.
332 1003 417 1077 Quae
432 1002 482 1077 qui
503 1004 640 1060 convenit
662 1021 754 1078 penes
777 1002 850 1061 deos
875 1022 938 1060 esse
964 1022 1079 1079 negare,
1095 1020 1163 1060 cum

103 1119 208 1161 eorum
227 1110 351 1176 augusta
373 1110 403 1158 et
425 1109 526 1158 sancta
549 1100 702 1158 simulacra
715 1101 907 1158 veneremur?
949 1100 1064 1175 Quodsi
1089 1100 1164 1157 inest

103 1199 135 1258 in
149 1198 304 1257 hominum
319 1216 427 1273 genere
442 1216 534 1269 mens,
550 1197 633 1269 fides,
648 1198 747 1268 virtus,
762 1197 930 1268 concordia,
940 1184 1025 1255 lande
1045 1197 1118 1254 haec
1133 1197 1164 1254 in

66 1324 93 1354 ιο
105 1307 212 1356 terram
240 1296 297 1354 nisi
321 1295 360 1353 ab
383 1295 494 1370 superis
519 1294 646 1353 defluere
671 1295 849 1371 potuerunt?
890 1295 1024 1370 Cumque
1053 1295 1110 1351 sint
1134 1294 1164 1351 in

104 1395 190 1454 nobis
214 1393 379 1464 consilium,
402 1393 484 1463 rati0,
507 1392 671 1468 prudentia,
694 1410 815 1449 necesse
838 1401 882 1449 est
905 1392 977 1450 deos
1003 1392 1076 1449 haec
1101 1393 1165 1467 ipsa

105 1491 213 1550 habere
229 1478 350 1561 maiora,
365 1508 422 1547 nec
437 1489 543 1548 habere
558 1490 661 1560 solum,
677 1488 833 1547 sedetiam
850 1490 883 1546 iis
905 1490 947 1546 uti
969 1490 999 1546 in
1022 1489 1164 1547 maxumis

106 1598 136 1648 et
149 1588 279 1664 optumis
294 1587 403 1660 rebus;
424 1587 495 1644 nihil
515 1597 613 1644 autem
633 1604 690 1644 nec
711 1587 804 1644 maius
826 1604 884 1644 nec
905 1588 1009 1644 melius
1032 1585 1143 1644 mundo
1155 1606 1163 1659 ;
1177 1603 1204 1645 su

105 1705 229 1745 necesse
251 1695 297 1744 est
318 1703 388 1760 ergo
409 1703 478 1742 eum
496 1684 619 1743 deorum
638 1684 761 1742 consilio
784 1695 813 1741 et
835 1684 1019 1760 providentia
1040 1684 1163 1742 admini-

69 1785 197 1852 15strari.
241 1786 395 1842 Postremo
410 1801 480 1840 cum
498 1783 565 1840 satis
580 1782 767 1840 docuerimus
788 1782 842 1840 hos
863 1801 927 1841 esse
942 1782 1024 1855 deos,
1040 1801 1164 1857 quorum

106 1865 252 1957 insignem
263 1881 323 1938 vim
335 1889 364 1936 et
378 1879 526 1937 inlustrem
537 1880 643 1937 faciem
653 1879 829 1951 videremus,
840 1881 934 1937 solem
945 1879 1014 1937 dico
1026 1890 1055 1937 et
1066 1881 1164 1937 lunam

107 1989 137 2038 et
145 1997 234 2054 vagas
244 1977 342 2035 stellas
351 1985 381 2034 et
390 1977 547 2035 lnerrantes
557 1987 586 2034 et
597 1977 712 2034 caelum
723 1985 753 2034 et
764 1977 907 2034 mundum
919 1978 1015 2052 ipsum
1026 1988 1055 2035 et
1066 1996 1165 2034 earum

106 2095 204 2134 rerum
213 2075 283 2146 vim,
294 2092 370 2150 quae
382 2075 510 2132 inessent
520 2075 550 2132 in
561 2075 642 2133 omni
653 2073 765 2132 mundo
777 2093 845 2132 cum
858 2093 965 2150 magno
977 2095 1030 2132 usu
1043 2085 1072 2132 et
1083 2093 1165 2132 com·

107 2173 251 2232 moditate
266 2172 381 2248 generis
395 2171 523 2244 humani,
535 2173 659 2230 efficitur
669 2173 770 2230 omnia
780 2173 840 2247 regi
852 2172 950 2229 divina
964 2184 1063 2230 mente
1077 2183 1165 2246 atque

70 2270 276 2348 „prudentia
318 2269 416 2328 Aede
431 2271 524 2345 prima
537 2270 657 2345 quidem
672 2280 753 2344 parte
769 2270 837 2327 satis
851 2269 963 2327 dictum
978 2280 1030 2327 est.

150 2368 295 2443 Sequitur,
310 2375 343 2424 ut
356 2365 483 2426 doceam
505 2367 605 2425 omnia
626 2367 758 2425 subiecta
779 2384 843 2424 esse
865 2378 994 2436 naturae,
1010 2385 1103 2443 eaque
1126 2352 1210 2462 ab&

109 2486 146 2526 ea
160 2465 355 2543 pulcherrime
368 2465 438 2540 geri.
480 2465 538 2524 Sed
552 2463 624 2539 quid
645 2465 681 2521 sit
695 2465 758 2539 ipsa
772 2474 883 2535 natura,
898 2464 1106 2539 explicandum
1122 2473 1166 2522 est

110 2574 179 2623 ante
202 2563 334 2633 breviter,
356 2580 416 2637 quo
439 2563 550 2620 facilius
574 2560 614 2633 id,
636 2560 719 2636 quod
741 2560 850 2619 docere
874 2563 1017 2633 volumus,
1040 2562 1167 2637 intellegi

109 2661 213 2739 possit.
256 2661 394 2734 Namque
415 2659 462 2717 alii
484 2669 616 2717 naturam
639 2677 702 2717 esse
725 2667 847 2716 censent
860 2659 919 2716 vim
933 2659 1082 2734 quandam
1104 2660 1167 2718 sine

73 2788 97 2828 ιε
110 2760 225 2818 ratione
241 2758 369 2815 cientem
384 2767 480 2815 motus
494 2757 524 2814 in
540 2756 709 2831 corporibus
724 2757 912 2828 necessarios,
927 2757 974 2814 alii
996 2767 1094 2816 autem
1108 2757 1168 2815 vim

111 2856 287 2932 participem
308 2855 425 2912 rationis
446 2865 534 2928 atque
555 2853 664 2912 ordinis
686 2864 835 2928 tamquam
862 2854 909 2911 via
930 2854 1169 2930 progredientem

112 2953 381 3026 declarantemque,
396 2950 467 3026 quid
482 2951 623 3025 cuiusque
637 2951 677 3007 rei
693 2969 782 3008 causa
798 2950 914 3022 efficiat,
929 2950 1002 3025 quid
1023 2960 1168 3026 sequatur,

112 3051 196 3108 cuius
216 3049 373 3107 sollertiam
393 3048 472 3105 nulla
491 3066 545 3119 ars,
567 3048 645 3104 nulla
665 3066 776 3118 manus,
797 3066 886 3106 nemo
908 3048 1007 3123 opifex
1027 3049 1170 3122 consequi

112 3148 206 3224 possit
227 3143 371 3203 imitando
382 3165 391 3217 ;
419 3145 537 3203 seminis
560 3145 638 3202 enim
652 3144 711 3201 vim
732 3162 795 3202 esse
816 3154 936 3216 tantam,
952 3155 983 3202 ut
1005 3144 1045 3216 id,
1067 3164 1169 3220 quarn-

75 3277 102 3316 30
114 3263 204 3320 quam
219 3243 256 3301 sit
270 3243 467 3318 perexiguum,
483 3252 591 3312 tamen,
606 3241 630 3298 si
651 3240 786 3300 inciderit
807 3242 837 3300 in
858 3243 1077 3319 concipientem
1098 3260 1169 3300 con-

113 3340 370 3418 prendentemque
397 3349 529 3396 naturam
556 3347 754 3413 nanctumque
782 3339 819 3396 sit
852 3340 1012 3411 materiam,
1041 3357 1099 3415 qua
1133 3340 1171 3397 ali

115 3437 274 3513 augerique
295 3436 396 3511 possit,
417 3435 457 3492 ita
477 3434 568 3510 fingat
589 3444 619 3492 et
640 3434 746 3492 efficiat
767 3435 797 3493 in
818 3455 872 3494 suo
894 3435 1024 3511 quidque
1053 3454 1169 3511 genere,

114 3535 223 3611 partim
249 3542 283 3591 ut
303 3541 416 3590 tanturn
443 3531 534 3591 modo
561 3549 615 3607 per
640 3532 743 3606 stirpes
771 3533 882 3590 alantur
906 3551 982 3604 suas,
1007 3533 1113 3608 partim
1140 3542 1172 3591 ut

115 3631 228 3691 moveri
243 3631 331 3688 etiam
353 3639 382 3686 et
402 3631 508 3687 sentire
530 3637 559 3686 et
580 3638 719 3702 appetere
741 3629 853 3703 possint
875 3638 904 3686 et
925 3648 962 3686 ex
982 3647 1047 3687 sese
1069 3629 1173 3687 similia

79 3759 104 3802 35
116 3729 162 3789 sui
175 3729 307 3805 gignere.
349 3727 420 3784 Sunt
434 3737 541 3796 autem,
557 3725 606 3798 qui
621 3724 721 3780 omnia
734 3735 852 3782 naturae
873 3725 993 3783 nomine
1014 3724 1171 3801 appellent,
1184 3743 1210 3786 ss
