2504 4170
126 292 187 340 120
451 289 501 340 DE
521 291 666 342 NATURA
688 288 848 341 DEORUM.

122 443 417 516 Iamillacemimus,
433 454 582 502 utcontra
594 446 653 502 vim
668 432 698 502 et
714 454 825 502 metum
845 444 904 503 suis
925 462 958 504 se
979 447 1068 506 armis
1087 465 1164 524 quae·

120 559 177 615 que
202 541 372 611 defendant,
398 542 534 599 cornibus
559 543 640 612 tauri,
666 542 727 616 apri
756 541 902 613 dentibus,
927 561 1029 601 morsu
1056 544 1149 603 leones
1156 565 1163 617 ;

120 639 192 695 aliae
216 640 283 713 suga
305 656 346 708 se,
372 638 445 695 aliae
469 640 666 696 occultatione
691 648 828 710 tutantur,
854 641 1010 698 atramenti
1035 641 1163 699 effusione

120 737 227 810 sepiae,
242 745 360 809 torpore
375 735 553 809 torpedines,
568 736 677 793 multae
692 736 780 793 etiam
795 735 965 795 insectantis
979 737 1080 796 odoris
1100 739 1163 796 into-

120 834 228 890 lerabili
243 832 381 890 foeditate
397 832 557 906 depellunt.
1176 856 1184 894 ς

76 927 113 983 51
160 931 201 988 Ut
215 948 283 987 vero
298 938 455 1004 perpetuus
470 928 572 986 mundi
593 939 669 987 esset
683 939 811 1001 omatus,
826 947 933 1005 magna
954 930 1088 990 adhibita
1106 950 1165 990 cura

120 1038 163 1084 est
177 1045 195 1083 a
209 1025 391 1101 providentia
406 1025 538 1095 deorum,
553 1037 585 1083 ut
598 1044 715 1102 semper
729 1035 825 1084 essent
839 1036 869 1084 et
887 1027 1049 1086 bestiarum
1068 1047 1165 1104 genera

120 1134 149 1182 et
163 1126 298 1182 arborum
318 1124 510 1197 omniumque
531 1141 727 1198 rerumquae
749 1142 768 1181 a
788 1133 863 1182 terra
882 1124 1022 1199 stirpibus
1043 1127 1165 1184 contine·

119 1233 225 1280 rentur.
268 1222 352 1295 Quae
368 1221 487 1296 quidem
503 1223 603 1279 omnia
617 1241 683 1280 eam
697 1222 756 1280 vim
771 1222 888 1280 seminis
903 1222 1017 1282 habent
1037 1225 1068 1282 in
1089 1243 1127 1296 se,
1140 1233 1165 1282 ut

119 1338 156 1377 ex
170 1338 228 1377 uno
243 1318 325 1394 plura
335 1329 510 1393 generentur
520 1339 528 1390 ;
551 1318 641 1394 idque
656 1337 758 1377 semen
779 1319 923 1377 inclusum
945 1330 991 1379 est
1012 1321 1044 1380 in
1064 1322 1165 1380 intuma
1174 1344 1189 1372 xo

119 1427 200 1492 parte
215 1434 313 1474 earum
328 1416 475 1487 bacarum,
491 1434 567 1490 quae
582 1435 618 1474 ex
633 1435 749 1491 quaque
770 1417 859 1492 stirpe
880 1416 1055 1487 funduntur,
1068 1419 1164 1477 isdem·

119 1532 176 1588 que
192 1515 350 1571 seminibus
372 1523 401 1570 et
422 1513 556 1571 homines
571 1513 692 1571 adfatim
706 1524 864 1572 vescuntur
878 1523 908 1572 et
923 1524 1018 1573 terrae
1042 1515 1165 1574 eiusdem

75 1624 112 1666 raa
118 1611 232 1685 generis
253 1612 384 1685 stirpium
403 1612 592 1668 renovatione
609 1611 793 1686 conplentur.
836 1609 917 1686 Quid
937 1611 1052 1688 loquar,
1067 1623 1166 1688 quanta

118 1697 191 1766 latio
216 1709 246 1765 in
268 1709 367 1768 bestiis
392 1707 430 1765 ad
458 1720 631 1783 perpetuam
657 1709 910 1766 conservationem
934 1726 1037 1768 earum
1060 1710 1165 1785 generis

118 1807 279 1881 appareat?
320 1807 396 1863 Nam
411 1806 536 1879 primurn
551 1806 622 1862 aliae
638 1824 742 1877 mares,
758 1805 830 1863 aliae
852 1804 979 1864 feminae
1000 1817 1078 1879 sunt,
1094 1805 1165 1882 quod
1175 1824 1190 1862 u

119 1904 317 1979 perpetuitatis
332 1921 420 1959 causa
435 1903 602 1959 machinata
615 1913 718 1960 natura
731 1912 784 1974 est,
799 1901 908 1960 deinde
924 1913 1022 1978 partes
1045 1904 1166 1980 corporis

120 2012 149 2058 et
170 1999 208 2058 ad
229 1999 443 2075 procreandum
464 2010 494 2056 et
512 1999 551 2056 ad
566 1999 797 2074 concipiendum
811 2000 989 2075 aptissimae,
1004 2002 1080 2060 etin
1094 2018 1165 2060 mare

120 2108 149 2156 et
163 2100 193 2156 in
207 2099 315 2155 semina
332 2095 619 2155 commiscendorum
634 2116 789 2172 corporum
804 2098 894 2155 mirae
908 2097 1055 2158 libidines.
1098 2101 1166 2159 Cum

119 2207 217 2254 autem
232 2196 261 2253 in
276 2196 348 2253 locis
362 2212 464 2252 semen
479 2194 594 2264 insedit,
609 2195 683 2269 rapit
704 2213 824 2253 omnem
844 2194 905 2252 iere
926 2194 1029 2254 cibum
1050 2195 1090 2256 ad
1110 2213 1166 2254 sese

120 2311 215 2367 eoque
230 2302 362 2367 saeptum
378 2291 599 2365 fingitanima13
621 2290 786 2366 quodcum
807 2308 844 2348 ex
864 2300 948 2349 utero
969 2291 1103 2368 elapsum
1123 2312 1165 2350 ex·
1176 2306 1193 2335 ¹⁰

121 2391 200 2460 cidit,
222 2391 252 2447 in
273 2390 306 2446 iis
328 2388 531 2457 animantibus,
553 2406 628 2462 quae
650 2388 725 2446 lacte
746 2388 868 2460 aluntur,
890 2388 987 2447 omnis
1008 2389 1071 2449 fere
1092 2391 1166 2449 cibus

120 2497 244 2545 matrum
266 2487 423 2543 lactescere
447 2486 557 2559 incipit,
581 2503 683 2560 eaque,
707 2503 782 2560 quae
805 2485 892 2559 paulo
915 2494 984 2543 ante
1007 2496 1078 2545 nata
1097 2496 1166 2557 sunt,

120 2586 181 2642 sine
196 2584 332 2658 magistro
347 2582 423 2640 duce
439 2592 540 2638 natura
554 2600 696 2639 mammas
711 2590 854 2656 appetunt
867 2599 1028 2658 earumque
1043 2584 1167 2643 ubertate

120 2691 289 2738 saturantur.
331 2683 426 2753 Atque
442 2688 474 2736 ut
488 2679 688 2752 intellegamus
710 2679 780 2735 nihil
801 2678 905 2736 horum
926 2696 991 2737 esse
1013 2679 1166 2751 fortuitum,

120 2787 149 2835 et
170 2777 244 2834 haec
265 2777 364 2834 omnia
385 2793 448 2832 esse
470 2793 560 2849 opera
581 2775 719 2849 providae
742 2776 921 2850 sollertisque
944 2785 1077 2850 naturae,
1098 2795 1195 2854 quaea

120 2875 293 2948 multiplices
315 2873 389 2930 setus
412 2882 575 2946 procreant,
599 2882 629 2929 ut
652 2891 727 2943 sueS,
748 2883 780 2929 ut
802 2891 899 2943 canes,
922 2872 956 2930 iis
978 2892 1167 2933 mammamm

119 2971 188 3028 data
208 2980 252 3028 est
273 2970 427 3027 multitudo
438 2991 446 3043 ;
475 2988 547 3044 quas
570 2968 689 3026 easdem
711 2986 821 3043 paucas
844 2969 953 3027 habent
975 2988 1029 3029 eae
1053 2973 1167 3040 bestiae,

76 3087 113 3126 ruo
120 3086 194 3142 quae
216 3086 310 3142 pauca
331 3068 460 3143 gignunt.
504 3065 584 3139 Quid
599 3065 706 3136 dicam,
722 3076 848 3141 quantus
862 3084 945 3124 amor
961 3067 1120 3128 bestiarum
1137 3070 1169 3127 sit

119 3167 149 3221 in
170 3163 330 3222 educandis
353 3163 611 3236 custodiendisque
627 3163 669 3233 iis,
685 3181 760 3237 quae
775 3174 1010 3237 procreaverunt,
1026 3184 1120 3242 usque
1134 3165 1169 3224 ad

119 3280 186 3319 eum
201 3261 299 3332 finem,
314 3260 384 3318 dum
399 3262 512 3336 possint
526 3278 557 3317 se
573 3260 636 3334 ipsa
650 3259 832 3318 defendere?
850 3262 902 3318 etsi
917 3263 1023 3336 pisces,
1036 3273 1069 3321 ut
1082 3265 1168 3332 aiunt,
1179 3277 1199 3316 ³0

118 3378 175 3416 ova
196 3377 263 3416 cum
285 3369 455 3433 genuerunt,
470 3356 636 3430 relinquunt
646 3378 654 3428 ;
677 3357 760 3413 facile
776 3359 854 3415 enim
872 3358 920 3415 illa
939 3377 1018 3434 aqua
1038 3369 1069 3418 et
1089 3360 1169 3420 susti·

75 3459 224 3514 blnentur
250 3466 280 3512 et
308 3456 398 3512 setum
426 3452 561 3511 fundunt.
615 3453 792 3511 Testudines
821 3465 919 3513 autem
946 3465 977 3514 et
1005 3458 1169 3516 crocodilos

119 3554 229 3621 dicunt,
256 3570 324 3609 cum
349 3551 377 3606 in
402 3560 477 3607 terra
501 3559 615 3623 partum
641 3549 795 3620 ediderint,
819 3552 942 3609 obruere
971 3571 1036 3625 ova,
1062 3554 1169 3614 deinde

120 3650 292 3718 discedere;
314 3648 402 3703 itaet
422 3658 580 3703 nascuntur
600 3656 630 3703 et
651 3645 814 3723 educantur
835 3649 897 3722 ipsa
917 3668 970 3725 per
989 3669 1064 3710 sese.
1108 3653 1171 3711 Iam

120 3747 239 3816 gallinae
263 3759 389 3816 avesque
413 3743 539 3816 reliquae
562 3752 592 3800 et
613 3744 744 3818 quietum
766 3747 914 3821 requirunt
937 3746 975 3807 ad
996 3749 1201 3824 pariendumas
