2504 4170
119 257 180 320 106
443 269 493 320 ua
513 271 659 321 aarum
682 271 841 322 osonum.

116 443 224 483 casune
250 425 312 500 ipse
341 425 378 482 sit
402 425 522 482 effectus
547 433 597 482 aut
621 425 795 483 necessitate
817 426 916 501 aliqua
940 445 981 485 an
1007 429 1120 487 ratione
1140 446 1167 486 ac

114 534 213 582 mente
228 522 335 593 diviua,
350 532 379 579 et
395 522 601 579 Archimedem
615 522 786 579 arbitrantur
799 523 863 597 plus
877 523 1005 582 valuisse
1021 526 1053 582 in
1067 526 1166 583 imitan-

115 621 160 679 dis
174 620 315 696 sphaerae
331 620 569 676 conversionibus
584 637 672 694 quam
693 630 826 676 naturam
847 620 876 676 in
900 620 1080 693 efficiendis
1096 640 1167 697 prae·

114 720 212 777 sertim
228 736 295 774 cum
311 716 407 773 multis
422 717 550 791 partibus
565 717 622 773 sint
636 716 683 773 illa
697 717 827 791 perlecta
840 735 930 792 quam
946 719 1024 776 haec
1046 720 1168 778 simulata

77 829 103 869 es
115 817 264 874 sollertius.
308 814 396 888 Atqui
412 814 458 870 ille
473 812 553 888 apud
567 813 691 871 Accium
705 824 813 889 pastor,
828 815 877 889 qui
892 833 1002 873 navem
1017 835 1169 893 numquam
1182 834 1189 874 ς

115 925 182 970 ante
197 913 325 983 vidisset,
341 921 373 968 ut
388 911 489 986 procul
504 910 635 968 divinum
655 921 683 968 et
704 929 813 968 novum
834 911 1004 970 vehiculum
1026 917 1168 990 Argonau-

115 1019 208 1067 tarum
229 1028 245 1067 e
269 1020 369 1067 monte
391 1008 554 1082 conspexit,
577 1008 671 1083 primo
692 1007 839 1066 admirans
860 1018 890 1066 et
918 1013 1093 1085 perterritus
1120 1012 1170 1070 hoc

114 1107 206 1166 modo
219 1107 363 1183 loquitur:

652 1188 770 1267 TAnta
797 1187 910 1246 moles
938 1189 1085 1248 labitur

155 1283 406 1344 Fremibr'rnda
440 1302 482 1342 ex
512 1284 588 1343 alto
620 1284 763 1360 ingenti
794 1286 917 1344 sonitu
953 1297 991 1345 et
1026 1289 1194 1365 spiritu.¹⁰

155 1386 242 1442 Prae
271 1401 308 1441 se
336 1382 452 1439 undas
479 1383 610 1453 volvit,
632 1383 796 1440 vertices
823 1383 856 1440 vi
885 1386 1064 1459 suscitat,

155 1482 243 1538 Ruit
270 1480 459 1556 prolapsa,
484 1481 639 1555 pelagus
667 1484 866 1556 respergit,
891 1482 1021 1543 reflat.

155 1578 212 1635 Ita
239 1576 321 1635 dum
350 1580 595 1651 interruptum
624 1576 757 1636 credas
784 1579 946 1636 nimbum
973 1582 1136 1654 volvier,

155 1676 247 1733 Dum
274 1674 373 1750 quod
401 1674 556 1732 sublime
585 1674 706 1732 ventis
734 1675 926 1750 expulsum
954 1678 1038 1753 rapi

155 1774 285 1831 Saxum
313 1775 374 1830 aut
401 1772 591 1847 procellis,
614 1772 672 1829 vel
699 1771 874 1847 globosos
901 1774 1075 1835 turbines
1179 1787 1193 1826 ¹⁵

155 1872 326 1928 Existere
355 1870 449 1927 ictos
477 1869 587 1927 undis
615 1870 941 1943 concursantibuS,

156 1968 235 2024 Nisi
263 1971 352 2042 quas
380 1967 569 2024 terrestris
596 1971 732 2042 pontus
760 1976 901 2043 strages
929 1971 1102 2046 conciet,

154 2068 224 2122 Aut
253 2065 348 2123 sorte
375 2065 505 2122 Triton
533 2064 677 2121 fuscina
705 2067 875 2123 evertens
902 2083 1040 2140 specus

156 2162 289 2220 Subter
315 2161 461 2219 radices
489 2161 638 2237 penitus
666 2161 822 2219 undanti
850 2165 885 2220 ln
914 2163 1012 2222 freto

156 2259 290 2317 Molem
318 2261 360 2317 ἐκ
388 2257 572 2334 profundo
600 2261 745 2316 sauream
772 2257 817 2316 ad
850 2260 994 2318 caelum
1023 2265 1134 2324 eruit.
1178 2278 1195 2306 ¹⁰

115 2425 238 2483 Dubitat
256 2425 360 2499 primo,
376 2442 451 2498 quae
469 2424 505 2481 sit
519 2442 555 2481 ea
569 2432 680 2494 natura,
695 2441 785 2498 quam
807 2424 899 2482 cernit
920 2424 1064 2501 ignotam,
1079 2427 1166 2487 idem·

115 2539 172 2595 que
188 2522 339 2580 iuvenibus
354 2521 420 2578 visis
435 2520 594 2595 auditoque
610 2520 728 2579 nautico
743 2529 849 2579 cantu:

124 2685 260 2758 †Sicut
287 2685 394 2743 inciti
422 2695 530 2759 atque
559 2685 701 2743 alacres
728 2685 861 2743 rostris
888 2687 1122 2761 perfremunt

158 2783 336 2856 Delphini
361 2786 378 2856 †
405 2783 493 2839 item
520 2783 593 2839 alia
620 2783 732 2840 multa
759 2783 899 2841 Silvani
926 2785 1023 2844 melo

157 2879 395 2937 Consimilem
423 2878 466 2936 ad
494 2897 599 2938 aures
627 2882 775 2937 clintum
801 2890 830 2937 et
852 2880 1017 2941 auditum
1041 2885 1198 2943 refertas

78 3056 103 3096 so
117 3043 195 3117 Ergo
210 3054 242 3101 ut
257 3043 304 3100 hic
318 3044 414 3118 primo
425 3054 546 3118 aspectu
561 3044 722 3103 inanimum
733 3044 876 3119 quiddam
890 3064 1037 3122 sensuque
1046 3067 1169 3108 vacuum

116 3158 147 3198 se
161 3151 243 3215 putat
258 3158 385 3212 cernere,
400 3151 468 3216 post
487 3152 586 3198 autem
607 3142 695 3216 signis
716 3142 894 3214 certioribus,
910 3144 996 3218 quale
1019 3145 1057 3204 sit
1078 3146 1118 3219 id,
1132 3145 1169 3204 de

115 3255 175 3312 quo
198 3236 386 3309 dubitaverat,
404 3238 507 3312 incipit
529 3239 677 3312 suspicari,
699 3239 742 3295 sic
763 3239 931 3315 philosophi
953 3241 1129 3316 debuerunt,
1147 3243 1170 3302 si

115 3334 188 3390 sorte
214 3352 264 3391 eos
292 3334 402 3408 primus
424 3345 560 3408 aspectus
585 3335 689 3392 mundi
713 3337 944 3409 conturbaverat,
966 3348 1081 3413 postca,
1103 3358 1170 3399 cum

114 3429 254 3488 vidissent
268 3440 365 3488 motus
380 3431 442 3488 eius
457 3432 553 3490 finitos
569 3442 598 3489 et
613 3433 780 3506 aequabiles
794 3434 952 3508 omniaque
973 3435 1041 3494 ratis
1062 3436 1170 3495 ordini·
1181 3456 1202 3496 aa

115 3527 169 3586 bus
193 3527 345 3585 moderata
366 3528 586 3602 inmutabilique
612 3531 784 3600 constantia,
809 3529 976 3606 intellegere
1001 3532 1097 3592 inesse
1121 3534 1168 3592 ali·

115 3642 205 3698 quem
218 3643 280 3682 non
293 3624 387 3681 solum
402 3624 596 3682 habitatorem
619 3627 648 3684 in
671 3626 727 3683 hac
751 3628 869 3686 caelesti
890 3647 926 3686 ac
948 3628 1048 3687 divina
1069 3630 1169 3703 dom0,

115 3719 275 3780 sedetiam
295 3730 441 3780 rectorem
463 3730 493 3779 et
514 3722 730 3782 moderatorem
753 3735 783 3784 et
805 3733 954 3801 tamquam
978 3727 1171 3788 architectum
1201 3742 1205 3751 ·
