2504 4170
599 268 648 317 DE
668 268 814 318 NATURA
833 268 993 319 DEORUM.

270 430 358 495 neget
385 440 482 496 posse,
507 421 537 479 in
563 423 676 497 legum
700 431 799 480 autem
823 422 910 494 libris,
935 421 1008 497 quid
1031 421 1070 480 sit
1093 421 1219 480 omnino
1248 447 1252 473 ι

271 519 383 592 anquiri
407 528 542 593 oportere
566 538 627 577 non
652 529 780 576 censeat.
823 518 914 592 Quod
934 537 1004 577 vero
1027 519 1092 576 sine
1117 536 1244 594 corpore

271 614 360 672 deum
388 617 447 673 tult
475 634 549 687 esse,
574 627 606 673 ut
634 617 741 674 Graeci
765 616 877 686 dicunt,
903 615 1060 690 ἀσώμτον,
1086 615 1120 673 id
1147 616 1235 690 quale

271 713 371 786 possit,
396 712 523 787 intellegi
547 731 607 769 non
632 722 730 787 potest
740 733 750 785 ;
771 722 869 770 careat
896 712 975 770 enim
1003 729 1091 769 sensu
1120 729 1246 768 necesse

271 818 368 866 careat
387 811 474 866 etiam
494 809 659 883 pmdentia‚
674 819 771 867 careat
784 810 953 885 voluptate;
974 826 1050 882 quae
1067 809 1173 866 omnia
1186 827 1246 866 una

271 906 394 963 deorum
418 908 539 964 notione
565 907 853 982 comprehendimus.
898 905 984 964 Idem
1005 915 1035 962 et
1056 905 1086 962 in
1107 906 1236 962 Timaeo

272 1014 301 1060 et
325 1004 354 1060 in
380 1005 506 1079 legibus
530 1014 560 1062 et
585 1004 728 1062 mundum
750 1004 841 1062 deum
861 1022 926 1061 esse
951 1012 981 1060 et
1005 1002 1122 1058 caelum
1146 1012 1178 1060 et
1202 1021 1249 1059 as·

271 1112 376 1157 terram
397 1112 427 1159 et
447 1103 560 1160 animos
581 1112 611 1160 et
631 1121 693 1172 eos,
715 1121 789 1177 quos
810 1103 955 1159 maiorum
975 1099 1111 1157 institutis
1135 1100 1252 1174 accep'

272 1216 347 1272 quae
376 1208 406 1256 et
432 1218 485 1274 per
512 1219 543 1258 se
568 1210 635 1257 sunt
659 1199 729 1257 salsa
752 1200 907 1274 perspicue
932 1207 961 1255 et
985 1197 1059 1253 inter
1083 1215 1116 1254 se
1137 1197 1247 1254 vehem

232 1313 257 1353 ai
271 1298 470 1371 repugnantia.
512 1300 609 1372 Atque
624 1299 712 1354 etiam
727 1297 896 1371 Xenophon
911 1293 1096 1370 paucioribus
1107 1294 1206 1351 verbis
1228 1318 1250 1343 κ

271 1393 330 1449 sere
355 1404 479 1468 peccat;
505 1395 572 1452 facit
597 1395 675 1452 enim
700 1394 730 1451 in
754 1395 797 1464 iis,
819 1411 895 1468 quae
920 1411 936 1449 a
962 1393 1080 1450 Socrate
1102 1391 1187 1448 dicta
1210 1410 1252 1449 ret

272 1490 422 1548 Socratem
442 1490 641 1567 disputantem
662 1492 785 1549 sormam
806 1489 856 1548 dei
877 1490 977 1565 quaeri
1000 1507 1061 1546 non
1083 1499 1234 1562 oportere,

272 1585 400 1662 demque
415 1600 444 1645 et
458 1589 549 1646 solem
564 1599 594 1646 et
608 1590 738 1646 animum
754 1587 844 1645 deum
859 1587 967 1657 dicere,
982 1596 1011 1643 et
1032 1584 1125 1642 modo
1146 1605 1251 1657 unum,

272 1694 369 1741 autem
384 1686 480 1760 plures
495 1686 569 1744 deos
579 1707 587 1759 3
611 1704 686 1760 quae
708 1695 776 1742 sunt
796 1684 891 1742 isdem
910 1685 939 1742 in
959 1683 1056 1740 erratis
1073 1682 1144 1754 fere,
1160 1683 1235 1757 quib

229 1762 348 1868 {Jquae
373 1781 412 1839 de
441 1784 562 1841 Platone
587 1782 723 1839 diximus.
771 1785 867 1855 Atque
896 1781 984 1839 etiam
1012 1779 1203 1837 Antisthenes
1250 1808 1252 1830 ι

271 1876 353 1949 libro,
368 1879 419 1954 qui
437 1880 574 1955 physicus
593 1880 765 1948 inscribitur,
781 1879 928 1953 popularis
943 1876 1016 1934 deos
1034 1875 1150 1946 multos,
1164 1895 1206 1933 na

271 1992 362 2033 unum
383 1994 447 2034 esse
468 1976 570 2034 dicens
591 1977 665 2034 tollit
685 1977 744 2032 vim
765 1987 795 2033 et
816 1986 947 2033 naturam
968 1974 1101 2031 deorum.
1145 1974 1215 2031 Nec

271 2088 356 2131 secus
387 2074 566 2148 Speusippus
599 2074 750 2131 Platonem
786 2073 961 2130 avunculum
997 2071 1181 2142 subsequens
1211 2080 1243 2129 et

178 2180 185 2196 ⁶
271 2169 421 2242 quandam
435 2169 546 2241 dicens,
561 2188 621 2246 qua
641 2171 741 2228 omnia
761 2179 905 2244 regantur,
921 2185 1046 2242 eamque
1067 2167 1236 2239 animalem,

233 2272 258 2313 8³
271 2264 330 2322 lere
347 2285 384 2324 ex
400 2268 503 2325 animis
520 2277 643 2325 conatur
659 2267 859 2342 cognitionem
873 2266 1006 2324 deorum.
1048 2263 1244 2340 Aristotelesq

271 2363 356 2420 tertio
370 2363 408 2421 de
428 2363 612 2439 philosophia
628 2364 702 2422 libro
720 2363 812 2421 multa
829 2363 925 2421 turbat
942 2381 960 2419 a
976 2361 1113 2435 magistro
1131 2378 1187 2418 suo
1206 2363 1250 2418 Ρ,

272 2478 330 2515 non
345 2459 538 2532 dissentiens;
560 2460 652 2519 modo
667 2462 746 2518 enirn
768 2461 858 2517 menti
877 2460 977 2517 tribuit
997 2475 1118 2515 omnem
1132 2456 1226 2515 divini
1244 2500 1250 2508 ,

272 2555 363 2612 modo
385 2556 529 2613 mundum
553 2557 650 2630 ipsum
664 2556 755 2614 deum
775 2556 847 2614 dicit
868 2575 942 2627 esse,
957 2553 1050 2612 modo
1072 2553 1161 2610 alium
1176 2573 1250 2628 que·

271 2652 402 2726 praeficit
422 2651 534 2709 mundo
549 2654 636 2726 eique
652 2671 701 2710 eas
715 2653 803 2727 partis
818 2653 924 2723 tribuit,
940 2662 972 2710 ut
992 2651 1182 2726 replicatione
1197 2670 1251 2726 qu

272 2748 374 2805 mundi
396 2759 509 2805 motum
532 2758 612 2823 regat
636 2759 724 2823 atque
749 2759 870 2820 tueatur,
892 2760 954 2807 tum
980 2748 1054 2804 caeli
1078 2746 1214 2806 ardorem
1242 2774 1250 2802 ι

272 2844 344 2901 dicit
358 2862 421 2901 esse
435 2863 495 2901 non
510 2845 679 2921 intellegens
694 2846 809 2902 caelum
830 2846 932 2904 mundi
947 2865 1011 2904 esse
1027 2855 1149 2920 partem,
1164 2864 1223 2920 que

272 2941 340 2998 loco
360 2942 422 3014 ipse
437 2940 593 3015 designarit
610 2942 709 2999 deum.
752 2942 820 3016 Quo
835 2943 926 3000 modo
942 2955 1041 3000 autern
1055 2943 1127 2999 caeli
1143 2941 1252 3002 divinu

273 3055 373 3095 sensus
394 3037 424 3093 in
442 3037 586 3094 celeritate
601 3048 682 3095 tanta
695 3039 859 3096 conservari
880 3041 998 3114 potest?
1017 3039 1068 3097 ubi
1090 3038 1198 3097 deinde
1222 3042 1232 3098 i

273 3133 312 3204 di,
330 3134 353 3190 si
375 3151 560 3190 numeramus
583 3135 671 3191 etiam
696 3135 811 3192 caelum
836 3136 947 3193 deum?
971 3155 1040 3194 cum
1062 3146 1160 3193 autem
1180 3138 1244 3195 sine

272 3248 343 3304 pore
359 3228 437 3287 idem
452 3230 512 3286 vult
526 3247 590 3286 esse
610 3231 709 3302 deum,
724 3232 805 3289 omni
826 3232 905 3289 illum
926 3252 1013 3291 sensu
1035 3234 1136 3308 privat,
1151 3234 1243 3293 etiam

273 3325 380 3384 dentia.
424 3326 492 3398 Quo
506 3343 593 3399 porro
617 3327 706 3385 modo
721 3326 795 3386 deus
816 3329 927 3386 moveri
948 3348 1049 3388 carens
1064 3331 1187 3404 corpore
1202 3350 1252 3390 au=

233 3437 259 3477 at
273 3423 363 3480 modo
383 3441 499 3496 semper
520 3440 551 3477 se
573 3440 692 3480 movens
717 3441 780 3481 esse
794 3426 909 3499 quietus
932 3437 961 3483 et
983 3427 1085 3485 beatus
1100 3431 1219 3501 potest?

272 3538 340 3576 vero
356 3519 416 3576 cius
438 3517 657 3590 condiscipulus
675 3520 853 3578 Xenocrates
878 3523 909 3580 in
933 3523 990 3580 hoc
1014 3542 1121 3599 genere
1146 3526 1252 3598 pruder

276 3617 357 3673 cuius
372 3618 401 3673 in
416 3615 501 3685 libris,
517 3615 567 3687 qui
589 3627 654 3671 sunt
668 3616 706 3673 de
728 3626 830 3674 natura
850 3618 982 3691 deorum,
998 3622 1075 3677 nulla
1099 3622 1213 3695 species
1229 3625 1251 3683 d

272 3711 465 3782 describitur;
492 3710 566 3768 deos
594 3711 672 3768 enim
696 3721 766 3768 octo
791 3730 854 3771 esse
879 3714 958 3787 dicit,
982 3717 1111 3791 quinque
1136 3734 1196 3789 eos,
1222 3741 1242 3796 q
