2504 4170
408 251 473 300 nin.
487 251 522 301 11.
555 251 741 312 cn.111‚1v.
775 251 890 316 §aare
1133 243 1172 306 81

106 406 242 482 imperiis
257 425 325 464 rem
339 405 486 482 publicam
499 405 716 481 amplificatam,
731 407 782 481 qui
795 407 982 483 religionibus
1002 409 1173 483 paruissent

109 505 149 562 Et
171 505 196 562 si
220 505 356 562 conferre
378 503 508 560 volumus
529 513 628 560 nostra
648 522 717 561 cum
739 506 873 576 externis,
893 507 997 563 ceteris
1018 507 1104 565 rebus
1126 516 1175 565 aut

108 619 197 677 pares
220 611 273 659 aut
302 601 390 658 etiam
414 600 561 657 inferiores
588 601 776 675 reperiemur,
800 603 948 677 religione,
974 602 1004 660 id
1029 613 1073 660 est
1094 605 1173 662 cultu

111 698 249 768 deorum,
275 697 370 754 multo
394 697 564 770 superiores.
607 699 654 754 An
676 697 737 754 Atti
762 698 847 755 Navii
869 699 955 756 lituus
976 700 1031 769 ille,
1054 719 1114 774 quo
1135 701 1174 759 ad
1194 722 1207 764 a

68 814 92 852 s
111 792 351 870 investigandum
370 811 453 851 suem
473 793 607 868 regiones
626 795 729 851 vineae
748 796 920 866 terminavit,
939 799 1174 857 contemnendus

111 893 178 950 est?
220 890 393 960 Crederem,
414 891 468 947 nisi
489 891 551 948 eius
572 892 693 966 augurio
713 909 765 949 rex
786 893 930 950 Hostilius
952 895 1078 951 maxima
1099 895 1175 953 bella

112 990 260 1064 gessisset.
304 986 363 1051 Sed
384 987 567 1062 neglegentia
585 989 742 1046 nobilitatis
761 990 872 1064 augurii
892 989 1046 1065 disciplina
1066 993 1176 1049 omissa

111 1088 218 1145 veritas
236 1085 434 1160 auspiciorum
452 1095 549 1159 spreta
567 1095 620 1156 est,
638 1087 751 1160 species
770 1096 884 1144 tantum
905 1097 1025 1146 retenta.
1069 1091 1174 1163 Itaque

112 1183 259 1265 maximae
280 1182 323 1240 rei
343 1182 479 1257 publicae
499 1193 604 1256 partes,
626 1183 657 1240 in
678 1182 722 1240 his
743 1183 827 1254 bella,
848 1185 953 1258 quibus
974 1186 1015 1242 rei
1036 1186 1173 1260 publicae

66 1301 101 1330 ιο
112 1281 190 1338 salus
209 1280 386 1361 continetur,
406 1279 490 1337 nullis
506 1280 643 1354 auspiciis
662 1279 906 1352 administrantur,
924 1282 1002 1339 nulla
1022 1284 1174 1357 peremnia

112 1387 272 1448 servantur,
287 1376 367 1434 nulla
381 1394 418 1434 ex
431 1377 621 1447 acuminibus,
636 1378 722 1448 nulla,
738 1397 803 1434 cum
817 1378 869 1435 viri
882 1389 1032 1449 vocantur,
1054 1397 1091 1436 ex
1111 1398 1171 1454 quo

112 1475 143 1533 in
170 1475 327 1551 procinctu
356 1483 530 1532 testamenta
558 1475 714 1549 perierunt.
755 1476 833 1532 Tum
860 1476 941 1532 enim
968 1477 1045 1534 bella
1071 1496 1171 1552 gerere

111 1572 204 1631 nostri
217 1571 312 1630 duces
326 1571 477 1646 incipiunt,
492 1590 560 1628 cum
581 1573 713 1646 auspicia
732 1583 901 1647 posuerunt.
942 1576 1069 1631 atvero
1091 1575 1171 1649 apud
1184 1585 1209 1625 1⁰

111 1671 239 1727 maiores
252 1678 334 1726 tanta
347 1668 492 1743 religionis
507 1669 550 1726 vis
564 1668 626 1739 fuit,
641 1679 672 1726 ut
687 1668 807 1742 quidam
822 1670 1010 1743 imperatores
1029 1672 1117 1728 etiam
1138 1688 1170 1729 se

68 1792 97 1831 ις
111 1768 193 1842 ipsos
208 1765 254 1824 dis
268 1765 469 1823 inmortalibus
484 1766 580 1840 capite
595 1765 691 1822 velato
705 1766 799 1823 verbis
820 1767 906 1822 certis
928 1784 980 1840 pro
1001 1785 1032 1824 re
1053 1768 1171 1841 publica

111 1864 301 1922 devoverent.
344 1863 440 1920 Multa
474 1881 511 1919 ex
543 1862 686 1937 Sibyllinis
707 1863 977 1933 vaticinationibus,
1011 1864 1103 1921 multa
1133 1883 1171 1922 ex

111 1961 302 2036 haruspicum
326 1961 473 2034 responsis
498 1977 728 2017 commemorare
753 1977 884 2035 possum,
909 1961 1015 2034 quibus
1039 1978 1074 2018 ea
1099 1980 1169 2020 con·

110 2059 272 2130 firmentur,
288 2075 365 2132 quae
379 2056 469 2115 dubia
482 2057 592 2114 nemini
607 2056 717 2114 debent
731 2075 805 2114 esse.
847 2058 935 2131 Atqui
954 2068 984 2114 et
1004 2068 1169 2116 nostrorum
1186 2065 1206 2120 4

110 2174 256 2231 augurum
270 2165 301 2214 et
316 2156 506 2212 Etruscomm
520 2154 707 2228 haruspicum
721 2153 905 2229 disciplinam
928 2156 958 2211 Ρ.
981 2155 1118 2229 Scipione
1133 2156 1168 2214 C.

71 2283 98 2310 ω
111 2254 217 2329 Figulo
240 2252 409 2310 consulibus
431 2269 476 2309 res
499 2252 563 2327 ipsa
587 2251 737 2326 probavit,
760 2269 925 2325 quoscum
946 2251 991 2308 Ti.
1017 2252 1169 2310 Gracchus

110 2350 215 2408 consul
229 2350 335 2407 iterum
348 2359 469 2420 crearet,
485 2349 596 2423 primus
609 2358 733 2422 rogator,
749 2358 780 2405 ut
794 2366 846 2405 eos
861 2348 977 2416 rettulit,
994 2348 1102 2406 ibidem
1125 2360 1169 2406 est

109 2457 233 2523 repente
248 2456 388 2504 mortuus.
431 2445 582 2504 Gracchus
597 2463 665 2503 cum
679 2445 799 2502 comitia
812 2443 903 2501 nihilo
925 2445 1020 2502 minus
1042 2447 1167 2520 peregis-

109 2554 156 2602 set
182 2560 306 2618 remque
335 2543 413 2600 illam
440 2543 470 2601 in
496 2543 665 2617 religionem
694 2543 804 2617 populo
832 2541 945 2599 venisse
973 2543 1101 2608 sentiret,
1130 2543 1169 2601 ad

109 2651 247 2698 senatum
268 2640 384 2698 rettulit.
427 2641 558 2710 Senatus,
575 2657 648 2713 quos
662 2639 700 2696 ad
716 2639 830 2709 soleret,
845 2638 1029 2706 referendum
1044 2641 1167 2699 censuit.

70 2763 96 2801 ις
111 2738 296 2813 Haruspices
318 2736 475 2794 introducti
496 2735 711 2811 responderunt
736 2754 797 2793 non
825 2736 911 2793 fuisse
941 2736 1046 2794 iustum
1076 2739 1168 2794 comi·

109 2835 219 2893 tiorum
249 2843 424 2908 rogatorem.
483 2834 562 2891 Tum
595 2832 755 2902 Gracchus
785 2843 817 2891 ut
846 2851 863 2889 e
892 2842 972 2907 patre
1001 2833 1167 2906 audiebam,
1182 2855 1206 2895 11

110 2932 250 2990 incensus
278 2930 337 2988 ira:
370 2930 494 2988 ‘Itane
528 2931 649 2988 vero?
682 2947 750 3005 ego
785 2948 855 2987 non
887 2930 1020 3001 iustus,
1042 2932 1105 3005 qui
1133 2942 1169 2989 et

109 3027 244 3087 consul
264 3027 391 3102 rogavi
412 3037 448 3084 et
468 3027 696 3102 auspicato?
723 3045 767 3084 an
795 3045 858 3084 vos
880 3027 992 3084 Tusci
1022 3046 1062 3084 ac
1092 3028 1167 3085 bar-

108 3125 190 3185 bari
224 3125 477 3199 auspiciorum
510 3124 638 3199 populi
673 3125 829 3182 Romani
863 3124 919 3181 ius
955 3125 1093 3182 tenetis
1133 3135 1168 3182 et

71 3223 338 3296 aointerpretes
365 3238 446 3278 esse
473 3221 708 3278 comitiorum
737 3222 936 3295 potestis?'
980 3223 1082 3295 Itaque
1105 3231 1168 3278 tum

109 3319 175 3377 illos
189 3318 269 3375 exire
283 3317 373 3374 iussit.
415 3318 485 3374 Post
503 3327 601 3375 autem
621 3337 638 3374 e
657 3318 807 3392 provincia
825 3317 932 3374 litteras
953 3316 991 3375 ad
1013 3317 1168 3392 collegium

109 3415 190 3473 misit
210 3428 252 3483 se,
272 3431 340 3470 cum
363 3412 472 3487 legeret
493 3413 590 3482 libros,
610 3413 796 3471 recordatum
818 3432 881 3472 esse
904 3414 974 3471 vitio
997 3415 1051 3471 sibi
1072 3415 1166 3472 taber·

109 3510 249 3569 naculum
264 3519 384 3584 captum
398 3509 484 3566 fuisse
500 3507 615 3585 [hortos
630 3509 801 3588 Scipionis],
814 3509 904 3585 quod,
920 3528 988 3567 cum
1004 3511 1168 3584 pomerium

109 3617 216 3684 postea
229 3606 363 3664 intrasset
377 3604 505 3662 habendi
519 3615 635 3662 senatus
651 3623 747 3675 causa,
764 3607 791 3663 in
813 3605 976 3677 redeundo,
998 3624 1067 3662 cum
1088 3605 1167 3663 idem

72 3724 98 3767 ss
110 3703 281 3782 pomerium
293 3701 435 3780 transiret,
451 3700 595 3776 auspicari
608 3710 686 3758 esset
699 3701 824 3774 oblitus;
844 3702 942 3776 itaque
963 3701 1033 3759 vitio
1054 3709 1168 3759 creatos
