2504 4170
375 298 442 348 LIB.
460 299 496 348 11.
529 298 590 348 Can.
603 299 660 358 XX,
673 299 744 347 XXI.
779 299 809 362 §5
823 310 912 364 50-57.
1126 297 1167 365 95

104 472 141 513 ea
154 452 295 529 Στίλβων
314 453 474 528 appellatur
487 472 505 510 a
519 453 659 525 Graecis;
675 470 751 527 quae
762 470 841 510 anno
856 454 916 512 fere
930 462 1061 511 vertente
1083 453 1168 528 signi-

103 552 198 609 ferum
212 552 318 609 lustrat
333 551 435 608 orbem
450 569 546 626 neque
568 570 586 608 a
606 551 667 608 sole
687 550 803 625 longius
824 568 965 624 umquam
988 550 1073 607 unius
1096 550 1170 624 signi

104 648 258 707 intervallo
288 646 415 706 discedit
442 657 503 705 turn
527 657 719 719 antevertens,
743 658 806 705 tum
831 649 1021 723 subsequens
1065 646 1171 704 Infima

105 755 150 804 est
171 746 307 821 quinque
333 746 490 803 errantium
512 755 663 820 terraeque
686 746 820 821 proxima
842 745 925 802 stella
944 745 1076 815 Veneris,
1094 762 1169 818 quae

66 865 87 904 s
105 841 266 918 Φωσφόρος
295 843 419 911 Graece,
451 843 568 900 Lucifer
595 843 698 900 Latine
726 842 841 913 dicitur,
870 860 938 899 cnm
973 842 1171 917 antegreditur

106 941 208 1010 solem,
224 958 297 996 cum
312 939 496 1015 subsequitur
509 950 617 1011 autem,
632 937 794 1015 Ἔσπεροςς
817 957 853 998 ea
867 958 983 997 cursum
1005 958 1083 997 anno
1099 958 1169 997 con·

104 1037 166 1094 ficit
180 1046 210 1094 et
225 1035 413 1094 latitudinem
427 1037 549 1094 lustrans
565 1037 692 1112 signiferi
713 1036 791 1094 orbis
806 1047 836 1094 et
849 1036 1071 1111 longitudinem,
1088 1036 1170 1112 quod

105 1133 183 1191 idem
200 1134 315 1191 faciunt
329 1134 427 1191 stellae
442 1134 614 1209 superiores,
630 1151 727 1208 neque
749 1152 889 1208 umquam
910 1135 947 1191 ab
968 1135 1029 1191 sole
1044 1133 1169 1191 duorum

105 1231 257 1306 signorum
279 1230 429 1288 intervallo
450 1231 563 1305 longius
585 1230 711 1288 discedit
731 1240 793 1287 tum
815 1230 1002 1301 antecedens,
1017 1240 1080 1288 turn
1102 1231 1169 1288 sub·
1191 1291 1203 1311 1

59 1347 94 1379 ιο
105 1346 242 1402 sequens
288 1328 379 1385 Hanc
394 1327 480 1403 igitur
500 1328 530 1385 in
551 1327 639 1385 stellis
660 1313 864 1399 constantiam,
880 1328 956 1385 hanc
977 1337 1087 1384 tantam
1109 1311 1211 1418 tam‘25}

104 1425 187 1482 variis
202 1424 340 1482 cursibus
354 1425 384 1481 in
398 1425 479 1482 omni
496 1426 665 1483 aeternitate
680 1425 915 1482 convenientiam
930 1435 1095 1499 temporum
1110 1443 1169 1481 non

104 1539 227 1598 possum
242 1521 412 1596 intellegere
429 1523 492 1579 sine
509 1533 615 1592 mente,
630 1523 751 1591 ratione,
768 1523 899 1579 consilio.
942 1522 1027 1595 Quae
1049 1540 1118 1578 cum
1140 1522 1169 1578 in

105 1618 251 1677 sideribus
267 1617 365 1676 inesse
379 1617 539 1689 videamus,
555 1637 613 1676 non
630 1637 785 1694 possumus
800 1637 836 1676 ea
850 1620 912 1694 ipsa
926 1637 985 1675 non
1001 1619 1030 1675 in
1045 1618 1169 1676 deorum

104 1733 231 1776 numero
246 1733 400 1790 reponere.
443 1716 509 1772 Nec
523 1733 591 1773 vero
607 1734 659 1773 eae
675 1717 783 1786 stellae,
799 1734 874 1790 quae
889 1716 1047 1773 inerrantes
1061 1734 1168 1773 vocan-

63 1833 93 1872 ιε
105 1822 159 1885 tur,
174 1831 239 1871 non
254 1811 420 1886 significant
434 1811 560 1869 eandem
576 1824 706 1870 mentem
725 1823 815 1886 ¹atque
836 1812 1030 1887 prudentiam,
1046 1831 1168 1886 quarum

106 1921 151 1969 est
177 1909 332 1969 cotidiana
360 1910 538 1968 conveniens
567 1920 763 1984 constansque
788 1911 949 1979 conversi0,
974 1927 1031 1966 nec
1060 1910 1169 1967 habent

107 2010 255 2068 aetherios
285 2027 386 2067 cursus
414 2026 511 2083 neque
536 2008 617 2065 caelo
641 2007 834 2077 inhaerentes,
856 2016 888 2063 ut
911 2007 1041 2081 plerique
1067 2007 1169 2064 dicunt

107 2108 249 2182 physicae
269 2106 389 2164 rationis
403 2106 503 2182 ignari.
546 2106 616 2163 Non
631 2114 675 2162 est
690 2104 768 2162 enim
783 2105 906 2161 aetheris
921 2122 957 2160 ea
971 2115 1081 2175 natura,
1097 2114 1128 2162 ut
1141 2105 1170 2162 vi

108 2223 162 2262 sua
182 2204 280 2262 stellas
302 2203 447 2279 conplexa
467 2212 678 2278 contorqueat3
701 2220 769 2259 nam
791 2202 884 2260 tenuis
908 2219 943 2258 ac
963 2202 1116 2276 perlucens
1139 2212 1169 2259 et

67 2325 96 2354 ω
108 2302 256 2377 aequabili
271 2301 367 2358 calore
382 2301 506 2359 suffusus
520 2301 620 2358 aether
634 2318 695 2358 non
709 2300 777 2358 satis
791 2312 876 2374 aptus
897 2299 936 2356 ad
958 2299 1053 2357 stellas
1075 2301 1167 2357 conti-

107 2399 224 2457 nendas
248 2397 372 2456 videtur.⁴
415 2399 539 2460 Habent
567 2399 651 2472 igitur
679 2416 760 2455 suam
789 2398 942 2473 sphaeram
967 2397 1066 2455 stellae
1095 2399 1168 2454 iner-
1182 2415 1208 2454 55

107 2506 207 2554 rantes
229 2497 266 2554 ab
288 2496 416 2554 aetheria
440 2496 648 2554 coniunctione
671 2504 814 2552 secretam
837 2504 866 2552 et
889 2494 1017 2552 liberam.
1061 2496 1169 2552 Earum

110 2604 211 2652 autem
226 2611 371 2668 perennes
386 2612 485 2651 cursus
506 2603 593 2667 atque
615 2592 748 2668 perpetui
771 2611 838 2649 curn
861 2591 1022 2648 admirabili
1046 2592 1169 2649 incredi-

109 2690 221 2764 bilique
236 2691 400 2748 constantia
414 2691 562 2748 declarant
577 2689 607 2747 in
622 2689 666 2747 his
680 2689 738 2745 vim
757 2697 786 2745 et
807 2698 937 2745 mentem
952 2707 1015 2746 esse
1031 2689 1169 2760 divinam,

72 2814 98 2854 ας
111 2798 153 2858 ut,
169 2787 243 2844 haec
257 2788 322 2863 ipsa
335 2787 386 2861 qui
406 2806 466 2845 non
489 2788 594 2845 sentiat
617 2786 740 2844 deorum
754 2787 813 2844 vim
835 2786 953 2856 habere,
968 2787 991 2844 is
1013 2787 1084 2844 nihil
1106 2806 1169 2844 om-

111 2886 183 2943 nino
198 2903 334 2943 sensurus
349 2902 413 2942 esse
427 2884 567 2942 videatur.
611 2884 698 2941 Nulla
712 2884 798 2958 igitur
818 2884 848 2941 in
869 2884 953 2941 caelo
977 2902 1034 2941 nec
1056 2885 1170 2942 fortuna
1183 2905 1209 2944 aa

110 3000 169 3040 nec
193 2982 340 3039 temeritas
366 3000 422 3039 nec
445 2982 549 3039 erratio
573 2999 630 3038 nec
653 2981 765 3039 vanitas
793 2982 867 3039 inest
890 2991 1050 3054 contraque
1075 2982 1170 3038 omnis

111 3077 197 3150 ord0,
212 3079 326 3150 veritas
340 3079 422 3149 rati0,
438 3079 620 3150 constantia;
641 3096 776 3153 quaeque
798 3079 842 3136 his
856 3088 961 3135 vacant
982 3079 1122 3135 ementita
1142 3088 1170 3135 et

112 3177 184 3234 salsa
210 3176 357 3251 plenaque
389 3176 499 3246 erroris,
528 3194 564 3233 ea
598 3177 709 3232 circum
740 3186 829 3233 terras
857 3175 930 3232 infra
957 3175 1065 3246 lunam,
1094 3193 1170 3250 quae

73 3275 248 3339 soomnium
269 3273 371 3331 ultima
392 3283 444 3343 est,
467 3273 497 3329 in
525 3273 665 3347 terrisque
687 3281 845 3330 versantur.
896 3271 1074 3330 Caelestium
1103 3290 1172 3346 ergo

111 3371 317 3430 admirabilem
331 3368 466 3428 ordinem
481 3369 741 3443 incredibilemque
757 3369 960 3440 constantiam,
977 3387 1013 3425 ex
1028 3386 1086 3442 qua
1101 3387 1171 3427 con-

112 3469 237 3528 servatio
252 3476 284 3526 et
297 3466 373 3525 salus
388 3467 519 3524 omnium
541 3467 636 3525 omnis
657 3466 754 3537 oritur,
769 3467 820 3541 qui
834 3484 937 3523 vacare
959 3476 1058 3524 mente
1079 3476 1171 3542 putat,

112 3567 136 3626 is
160 3567 224 3642 ipse
249 3563 357 3624 mentis
381 3572 484 3638 expers
509 3562 663 3620 habendus
692 3572 743 3620 est.
788 3563 880 3620 Haud
903 3581 981 3637 ergo,
1004 3574 1036 3621 ut
1057 3565 1171 3638 opinor,
1185 3585 1210 3627 rr

112 3680 257 3734 erravero,
272 3661 297 3720 si
310 3679 329 3718 a
342 3661 474 3736 principe
489 3658 707 3736 investigandae
721 3659 848 3718 veritatis
869 3659 954 3718 huius
969 3659 1172 3736 disputationis

76 3781 100 3823 rr
110 3759 293 3841 principium
307 3757 429 3818 duxero.
