2504 4170
119 255 163 335 46
449 268 498 317 uu
519 269 665 319 uarum
687 270 846 320 osonum

120 423 215 482 tiones
236 422 398 494 habemus;
420 421 458 479 de
481 441 540 497 quo
564 432 662 480 autem
687 424 820 481 omnium
840 432 945 481 natura
967 424 1126 495 consentit,
1146 422 1175 482 id

119 539 221 578 verum
250 538 313 577 esse
342 538 463 577 necesse
493 529 555 592 est,
585 538 648 576 esse
677 521 762 593 igitur
786 519 859 578 deos
887 521 1099 579 confitendum
1126 530 1175 578 est.

121 617 212 692 Quod
227 617 367 691 quoniam
382 618 441 674 sere
456 627 571 674 constat
585 618 660 674 inter
673 618 768 674 omnis
783 636 843 674 non
857 617 1055 692 philosophos
1074 619 1175 688 solum,

120 714 173 772 sed
198 716 287 772 etiam
313 713 458 785 indoctos,
481 715 623 772 fateamur
646 725 780 771 constare
806 713 875 771 illud
900 715 1001 785 etiarn,
1023 715 1103 773 hanc
1125 733 1176 772 nos

120 811 227 869 habere
255 812 314 869 sive
343 812 591 886 anticipationem,
617 820 648 868 ut
676 822 743 868 ante
768 811 836 881 dixi,
862 812 922 868 sive
950 813 1200 886 praenotionems

120 908 244 966 deorum
274 910 356 984 (sunt
385 909 463 965 enim
491 909 578 966 rebus
605 908 688 965 novis
717 927 793 965 nova
819 907 960 982 ponenda
988 909 1123 980 nomina,
1148 918 1177 967 ut

121 1007 265 1081 Epicurus
287 1006 350 1080 ipse
371 1004 514 1081 πρόληψιν
534 1006 698 1080 appellavit,
714 1023 802 1078 quam
822 1015 908 1062 antea
926 1023 1020 1063 nemo
1036 1024 1074 1063 eo
1089 1006 1177 1064 verbo

81 1122 108 1163 tu
119 1102 297 1178 nominarat)
309 1102 432 1158 -hanc
447 1102 532 1176 igitur
546 1101 697 1172 habemus,
712 1111 744 1158 ut
758 1101 831 1159 deos
845 1102 948 1159 beatos
963 1112 995 1159 et
1008 1103 1177 1160 inmortales

119 1210 265 1274 putemus.
316 1200 401 1273 Quae
430 1199 510 1255 enim
537 1199 621 1256 nobis
649 1208 751 1255 natura
780 1199 1017 1256 informationem
1047 1200 1177 1274 ipsorum

111 1297 243 1355 ‘deorum
265 1296 357 1365 dedit,
380 1295 485 1352 eadem
508 1296 658 1370 insculpsit
679 1296 709 1352 in
730 1296 885 1365 mentibus,
906 1305 939 1352 ut
963 1314 1016 1354 eos
1042 1306 1206 1354 aeternosw

120 1402 149 1451 et
162 1394 266 1451 beatos
280 1393 464 1450 haberemus
507 1391 599 1465 Quod
620 1393 644 1450 si
665 1392 705 1450 ita
726 1403 779 1463 est,
792 1411 860 1449 vere
884 1394 1019 1467 exposita
1041 1394 1092 1451 illa
1114 1412 1179 1452 sen-

120 1491 211 1548 tentia
233 1499 278 1546 est
300 1489 337 1546 ab
362 1490 499 1563 Epicum,
515 1489 596 1564 quod
618 1490 738 1581 beatqm
760 1500 970 1642 aetemtqnque
995 1491 1041 1562 sit,
1065 1491 1098 1549 id
1123 1510 1179 1550 nec

119 1587 227 1645 habere
242 1587 338 1661 ipsum
353 1588 462 1661 negotii
473 1586 632 1660 quicquam
646 1574 880 1681 necse'xhibere'a
890 1586 951 1657 teri,
964 1587 1065 1662 itaque
1079 1607 1179 1664 neque

121 1686 162 1741 ira
175 1702 271 1759 neque
286 1684 377 1759 gratia
390 1683 492 1755 teneri,
508 1682 598 1757 quod,
614 1701 690 1757 quae
704 1684 772 1740 talia
789 1692 895 1754 essent,
911 1683 1058 1742 imbecilla
1080 1697 1180 1744 essent

120 1783 229 1839 omnia.
272 1782 301 1840 Si
314 1781 386 1838 nihil
402 1780 481 1838 aliud
496 1799 710 1855 quaereremus,
721 1781 781 1838 'nisi
801 1791 833 1838 ut
847 1781 920 1839 deos
941 1782 989 1856 pie
1012 1782 1180 1852 coleremus
1191 1806 1208 1846 rs

120 1888 150 1936 et
163 1890 196 1935 ut
210 1879 414 1953 superstitione
435 1878 631 1949 liberaremur,
647 1879 714 1936 satis
737 1888 797 1935 erat
811 1877 942 1950 dictum3
964 1897 1034 1936 narn
1049 1889 1082 1938 et
1094 1899 1178 1956 prae-

120 1987 199 2033 stans
214 1974 337 2032 deorum
352 1986 454 2032 natura
471 1975 624 2032 hominum
638 1976 747 2050 pietate
763 1976 914 2047 coleretur,
930 1994 999 2032 curn
1014 1986 1044 2033 et
1058 1989 1181 2036 aeterna

120 2082 198 2129 esset
211 2082 240 2129 et
258 2072 427 2129 beatissima
446 2071 548 2147 (habet
570 2073 647 2129 enim
663 2072 882 2129 venerationem
904 2073 1018 2144 iustam,
1034 2074 1180 2149 quicquid

120 2169 265 2245 excellit),
280 2179 310 2226 et
324 2178 419 2225 metus
440 2169 536 2226 omnis
557 2187 575 2224 a
591 2169 619 2225 vi
639 2178 725 2243 atque
749 2169 790 2225 ira
811 2169 933 2226 deorum
956 2170 1057 2244 pulsus
1081 2182 1179 2245 esset3

120 2266 294 2341 intellegitur
308 2265 387 2322 enim
408 2283 426 2322 a
446 2265 533 2323 beata
547 2266 750 2340 inmortalique
765 2275 867 2323 natura
881 2274 910 2322 et
925 2266 996 2322 iram
1011 2277 1041 2323 et
1055 2270 1180 2342 gratiam
1190 2292 1209 2320 a

120 2363 281 2438 segregari;
311 2362 416 2437 quibus
440 2363 558 2419 remotis
581 2363 675 2420 nullos
696 2381 715 2419 a
738 2364 849 2437 superis
874 2361 1046 2437 impendere
1071 2376 1179 2424 metus.

120 2458 179 2517 Sed
193 2459 232 2517 ad
252 2459 330 2516 hanc
343 2459 577 2517 confirmandam
591 2459 763 2534 opinionem
783 2461 909 2534 anquirit
931 2461 1045 2518 animus
1068 2471 1100 2520 et
1122 2464 1179 2522 sor·

119 2575 200 2614 mam
215 2565 244 2613 et
257 2557 332 2614 vitae
347 2557 495 2614 actionem
509 2557 674 2630 mentisque
689 2538 877 2631 agitationem
891 2557 921 2613 in
936 2556 1004 2614 deo.

76 2627 113 2734 ¹423
160 2655 204 2709 Ac
219 2651 257 2710 de
272 2655 365 2711 forma
378 2652 500 2727 quidem
514 2653 618 2727 partim
633 2663 736 2711 natura
750 2672 803 2711 nos
818 2653 968 2725 admonet,
984 2656 1090 2729 partim
1104 2660 1179 2717 ratio

121 2748 218 2806 docet.
251 2750 329 2807 Nam
345 2768 362 2806 a
375 2759 478 2806 natura
491 2749 634 2806 habemus
645 2768 748 2807 omnes
759 2752 892 2808 omnium
902 2751 1033 2826 gentium
1044 2756 1179 2828 speciem
1190 2780 1210 2820 a

120 2846 230 2903 nullam
244 2845 330 2903 aliam
350 2846 405 2902 nisi
426 2845 586 2903 humanam
600 2845 722 2903 deorum
734 2868 742 2919 3
765 2867 840 2923 quae
855 2849 934 2906 enim
948 2849 1041 2906 forma
1055 2851 1113 2910 aha
1127 2871 1177 2911 oc·

122 2943 210 3000 currit
230 2961 371 3017 umquam
393 2952 443 2999 aut
455 2942 583 3017 vigilanti
604 2944 740 3017 cuiquam
763 2954 813 3002 aut
835 2945 1012 3003 dormienti?
1054 2948 1115 3006 Sed
1140 2969 1177 3008 ne

121 3040 220 3097 omnia
247 3048 420 3096 revocentur
444 3038 482 3096 ad
510 3039 618 3114 primas
640 3041 793 3098 notiones:
823 3043 895 3099 ratio
920 3042 978 3100 hoc
1008 3042 1087 3101 idem
1115 3047 1179 3121 ipsa

83 3142 108 3184 4⁷
121 3135 257 3193 declarat.
301 3136 379 3193 Nam
394 3154 463 3192 cum
483 3137 771 3211 praestantissumam
792 3149 934 3210 naturam,
947 3140 993 3195 vel
1008 3141 1077 3213 quia
1090 3142 1180 3202 beata

121 3243 165 3290 est
175 3233 221 3290 vel
229 3233 298 3308 quia
311 3233 496 3307 sempiterna,
506 3235 663 3291 convenire
673 3234 807 3292 videatur
820 3235 947 3293 eandem
961 3253 1024 3292 esse
1040 3238 1177 3311 pulcher·
1189 3262 1210 3303 a

120 3331 233 3400 rimam,
248 3348 323 3405 quae
349 3331 524 3404 compositio
549 3331 757 3402 membromm,
779 3350 855 3406 quae
878 3333 1070 3390 conformatio
1093 3336 1177 3396 linia·

121 3437 296 3497 mentorum,
322 3444 397 3500 quae
434 3428 533 3502 figura,
560 3446 635 3502 quae
671 3429 784 3503 species
820 3428 947 3485 humana
976 3438 1075 3503 potest
1112 3453 1178 3493 esse

120 3522 288 3598 pulchrior?
327 3523 388 3580 Vos
403 3522 532 3598 quidem,
549 3524 650 3595 Lucili,
666 3524 764 3582 soletis
784 3525 867 3601 (nam
882 3525 971 3583 Cotta
984 3543 1067 3583 meus
1082 3531 1178 3590 modo

121 3618 188 3690 hoc,
204 3618 294 3676 modo
308 3618 409 3695 illud),
426 3638 494 3676 cum
508 3620 662 3677 artificium
677 3621 811 3695 effingitis
826 3621 1022 3695 fabricamque
1035 3622 1177 3702 divinam,

120 3732 210 3790 quam
224 3716 281 3775 sint
294 3717 394 3774 omnia
407 3717 438 3774 in
452 3716 578 3774 hominis
595 3718 687 3792 figura
707 3734 768 3776 non
788 3716 880 3776 modo
902 3717 941 3776 ad
963 3736 1058 3788 usum,
1073 3742 1178 3786 verum
1189 3746 1212 3789 a
