2504 4170
125 288 185 367 158
448 297 498 349 DE
518 297 665 350 NATURA
687 296 850 351 nsokun

82 453 283 512 ovidetume
306 469 423 511 summa
443 451 621 528 inprobitate
643 469 713 510 usus
735 469 798 510 non
819 451 884 511 sine
906 469 1026 512 summa
1047 469 1108 513 esse
1126 469 1159 511 ra·

121 553 223 610 tione?
264 551 330 608 Nec
349 567 420 607 vero
441 567 548 607 scaena
568 548 663 606 solum
683 548 789 606 referta
809 559 854 607 est
875 548 922 608 his
942 550 1106 623 sceleribus,
1118 546 1159 608 sed

121 649 213 706 multo
236 648 295 704 vita
319 646 485 704 communis
510 663 605 720 paene
630 645 797 704 maioribus.
838 646 934 705 Sentit
958 646 1066 706 domus
1091 646 1159 705 unius

121 746 272 819 cuiusque,
294 743 381 802 sentit
402 744 506 813 sonum,
528 742 615 800 sentit
636 742 725 812 curia,
747 759 880 818 campus,
898 744 983 815 socii,
1003 743 1158 819 provinciae,

122 852 162 912 ut,
186 839 336 916 quemad
360 839 483 898 modum
505 840 617 897 ratione
639 847 719 896 recte
742 839 801 910 fiat,
824 839 868 897 sic
892 841 1007 898 ratione
1029 849 1179 916 peccemus

121 939 302 1012 alterumque
323 946 353 994 et
373 955 391 993 a
411 936 512 1010 paucis
534 945 563 993 et
583 953 658 1006 raro,
673 935 796 993 alterum
810 944 841 993 et
857 953 948 1011 saepe
964 947 994 994 et
1008 955 1026 994 a
1039 935 1158 1012 plurimis,

121 1045 154 1092 ut
167 1034 255 1092 satius
269 1033 353 1090 fuerit
369 1033 478 1090 nullam
498 1032 620 1090 omnino
640 1032 727 1090 nobis
748 1050 766 1089 a
786 1031 832 1090 dis
853 1032 1057 1092 inmortalibus
1077 1033 1159 1091 datam

122 1148 185 1189 esse
213 1131 357 1188 rationem
381 1147 470 1205 quam
493 1138 575 1186 tanta
601 1146 672 1186 cum
698 1128 829 1204 pernicie
857 1127 968 1188 datam.
1011 1129 1054 1190 Ut
1075 1130 1159 1188 vinum

121 1228 254 1303 aegrotis,
278 1227 346 1301 quia
367 1224 488 1301 prodest
509 1243 583 1296 raro,
605 1233 696 1283 nocet
717 1225 896 1301 saepissime,
921 1226 1026 1285 melius
1048 1235 1159 1285 estnon

122 1323 261 1382 adhibere
280 1323 402 1380 omnino
417 1340 506 1396 quam
520 1338 573 1396 spe
588 1319 696 1379 dubiae
710 1321 808 1380 salutis
822 1322 854 1380 in
867 1332 1002 1398 apertam
1016 1323 1183 1400 perniciemne

121 1421 276 1490 incurrere,
291 1419 334 1477 sic
348 1416 428 1476 haud
442 1418 505 1477 scio
519 1436 558 1475 an
572 1417 675 1475 melius
689 1417 774 1476 luerit
792 1417 924 1478 humano
943 1421 1045 1496 generi
1063 1430 1158 1478 motum

122 1517 209 1574 istum
231 1515 358 1573 celerem
379 1515 572 1590 cogitationis,
587 1532 725 1586 acumen,
739 1515 906 1587 sollertiam,
922 1534 1013 1593 quam
1034 1517 1158 1575 rationem

121 1631 271 1683 vocamus,
292 1612 433 1686 quoniam
453 1610 589 1686 pestilera
609 1620 654 1669 est
674 1610 780 1684 multis,
794 1611 960 1671 admodum
980 1615 1081 1690 paucis
1100 1613 1158 1672 salu·

121 1711 198 1780 taris,
212 1727 273 1767 non
290 1707 353 1766 dari
373 1708 495 1766 omnino
516 1725 606 1782 quarn
626 1716 688 1766 tam
707 1707 847 1767 munifice
870 1719 901 1768 et
922 1719 984 1768 tam
1005 1711 1082 1788 large
1101 1709 1158 1769 dari

83 1819 110 1862 to
123 1806 221 1880 Quam
245 1806 286 1863 ob
309 1823 371 1863 rem
395 1805 418 1863 si
443 1822 527 1862 nuens
551 1804 743 1879 voluntasque
770 1804 871 1863 divina
893 1805 1009 1866 idcirco
1032 1805 1159 1866 consuluit
1167 1823 1183 1862 u

122 1901 298 1973 hominibus,
314 1900 396 1976 quod
410 1901 444 1958 iis
458 1909 503 1958 est
516 1901 617 1976 largita
630 1901 782 1973 rationem,
797 1902 838 1960 iis.
846 1903 915 1960 solis
930 1905 1086 1978 consuluit,
1098 1919 1158 1980 quos

121 2000 200 2058 bona
221 2000 334 2057 ratione
358 1997 488 2069 donavit,
511 2016 587 2073 quos
608 1997 752 2069 videmus,
774 1998 799 2057 si
822 1998 914 2059 modo
936 2001 987 2060 ulli
1012 2012 1088 2075 sunt,
1108 2016 1159 2060 esse

120 2113 293 2171 perpaucos.
336 2095 406 2152 Non
424 2094 521 2168 placet
540 2105 639 2151 autem
660 2096 761 2169 paucis
781 2113 800 2152 a
820 2095 866 2154 dis
887 2096 1090 2159 inmortalibus
1109 2113 1159 2157 esst

121 2192 308 2264 consultum,
329 2191 458 2266 sequitur
472 2208 551 2265 ergo,
566 2201 598 2248 ut
612 2191 723 2249 nemini
737 2193 904 2251 consultum
918 2194 964 2253 sit.

76 2289 114 2346 28
163 2289 245 2346 Huic
267 2288 335 2346 loco
359 2287 401 2344 sic
426 2286 524 2345 soletis
547 2305 719 2347 occurrere:
748 2306 809 2347 non
831 2289 944 2349 idcirco
968 2310 1031 2351 non
1055 2302 1184 2369 optumae

120 2386 205 2444 nobis
219 2404 237 2442 a
250 2384 296 2443 dis
310 2401 375 2442 esse
389 2384 547 2459 provisum,
561 2383 643 2460 quod
656 2385 740 2442 multi
753 2403 856 2443 eorum
869 2386 1020 2447 beneficio
1040 2403 1160 2467 perverse

120 2491 288 2554 uterentur3
309 2481 397 2539 etiam
412 2480 593 2555 patrimoniis
608 2481 714 2539 multos
729 2481 805 2539 male
820 2483 870 2553 uti,
885 2501 942 2541 nec
958 2486 999 2544 ob
1019 2503 1086 2544 eam
1104 2503 1160 2544 cau·

120 2596 183 2636 sam
204 2595 256 2636 eos
279 2576 458 2635 beneficium
478 2593 497 2633 a
516 2577 646 2651 patribus
670 2578 781 2636 nullum
806 2578 925 2638 habere.
970 2580 1162 2658 Quisquamne

119 2675 195 2733 istuc
215 2674 324 2749 negat?
348 2683 398 2730 aut
418 2690 493 2748 quae
515 2681 560 2731 est
581 2673 611 2731 in
631 2675 786 2732 collatione
808 2675 864 2733 ista
883 2676 1068 2738 similitudo?
1108 2681 1164 2738 Nec

120 2771 198 2829 enim
215 2770 337 2828 Herculi
355 2787 463 2827 nocere
479 2770 618 2828 Deianira
630 2771 729 2842 voluit,
745 2790 815 2829 cum
833 2773 862 2830 ei
880 2774 1013 2834 tunicam
1032 2777 1165 2853 sanguine
1176 2789 1195 2830 ⁸⁵

120 2867 259 2927 Centauri
283 2867 403 2925 tinctam
431 2865 522 2938 dedit,
545 2885 602 2925 nec
623 2866 764 2943 prodesse
787 2869 920 2928 Pheraeo
943 2872 1046 2932 lasoni
1069 2874 1102 2946 is,
1124 2871 1171 2950 qui

118 2963 218 3040 gladio
234 2964 380 3021 vomicam
402 2963 463 3021 eius
485 2964 606 3037 aperuit,
621 2982 711 3038 quam
732 2983 833 3024 sanare
855 2967 965 3026 medici
987 2988 1050 3029 non
1070 2981 1171 3047 potue·

118 3070 192 3119 rant.
234 3060 321 3118 Multi
343 3060 480 3130 enimet,
503 3078 571 3117 cum
593 3062 697 3118 obesse
718 3063 833 3133 vellent,
856 3065 1029 3138 profuerunt
1051 3077 1089 3139 et,
1105 3085 1176 3126 cum

118 3157 269 3234 prodesse,
284 3157 449 3215 obfuerunt.
492 3157 538 3214 Ita
552 3175 612 3215 non
627 3158 659 3215 fit
673 3176 769 3230 exeo,
785 3160 867 3234 quod
884 3161 978 3234 datur,
994 3173 1027 3222 ut
1040 3166 1176 3224 voluntas

119 3257 191 3326 eius,
206 3255 256 3331 qui
277 3253 400 3322 dederit,
415 3264 565 3328 appareat,
581 3272 647 3324 nec,
665 3255 689 3312 si
710 3256 742 3326 is,
761 3258 811 3331 qui
832 3259 957 3333 accepit,
975 3260 1054 3319 bene
1075 3264 1174 3338 utitur,
1197 3273 1203 3313 Ξ

81 3365 105 3408 tr
119 3351 231 3409 idcirco
255 3351 288 3421 is,
313 3350 363 3424 qui
388 3348 480 3421 dedit,
504 3351 599 3408 amice
624 3350 716 3410 dedit.
759 3353 845 3426 Quae
869 3355 948 3412 enim
970 3356 1074 3430 libido,
1097 3377 1175 3434 quae

120 3448 245 3518 avaritia,
260 3445 342 3521 quod
356 3446 468 3503 facinus
483 3457 533 3504 aut
546 3448 701 3522 suscipitur
714 3450 769 3507 nisi
789 3451 912 3508 consilio
932 3461 1022 3526 capto
1040 3464 1092 3513 aut
1110 3456 1174 3514 sine

118 3545 210 3602 animi
233 3553 315 3601 motu
341 3552 370 3600 et
394 3543 581 3616 cogitatione,
605 3543 636 3602 id
664 3555 708 3602 est
735 3547 856 3618 ratione,
881 3548 1053 3622 perficitur?
1094 3552 1174 3610 Nam

119 3642 215 3699 omnis
240 3639 341 3715 opinio
364 3639 438 3696 ratio
463 3648 515 3710 est,
541 3649 571 3698 et
594 3640 714 3714 quidem
739 3643 818 3700 bona
843 3644 925 3715 ratio,
948 3645 973 3702 si
994 3664 1073 3720 vera,
1095 3647 1175 3706 mala

120 3748 228 3811 autem,
242 3737 268 3796 si
280 3735 352 3794 salsa
368 3744 412 3794 est
432 3735 542 3812 opinio.
584 3735 643 3795 Sed
663 3755 682 3795 a
701 3736 761 3797 deo
781 3748 896 3798 tantum
915 3741 1061 3804 rationem
1072 3743 1170 3805 lrabe-
1191 3760 1203 3803 r
