2504 4170
302 278 368 328 mn.
385 278 421 328 11.
453 278 729 329 cmxxv-xxvn.
764 279 897 343 §effla
1077 281 1122 346 99

141 432 260 492 Vides
295 432 450 491 sublime
484 434 619 505 susum,
647 432 918 492 inmoderatum
953 432 1120 505 aethera,

143 530 216 605 Qui
251 531 385 588 terram
419 539 547 588 tenero
582 532 828 589 circumiectu
856 531 1118 606 amplectitur:

144 628 256 686 Hunc
289 629 473 696 *summum
514 628 651 687 habeto
689 628 825 700 divum,
860 629 957 686 hunc
998 627 1119 705 perhi-

737 726 825 784 beto
861 727 999 786 Iovem.

30 931 42 970 ⁵
61 909 122 968 Aer
135 918 245 981 autem,
261 918 293 966 ut
307 909 397 968 Stoici
411 909 567 985 disputant,
583 909 751 968 interiectus
765 909 840 968 inter
853 928 933 968 mare
954 919 984 968 et
1004 889 1163 997 eaelumlffll

63 1007 186 1065 Iunonis
206 1006 329 1063 nornine
349 1014 544 1077 consecratur,
560 1024 636 1081 quae
658 1015 702 1064 est
725 1024 807 1064 soror
828 1015 858 1064 et
880 1007 1008 1065 coniunx
1031 1007 1118 1078 Iovis,

62 1103 146 1179 quod
160 1104 188 1161 ei
204 1101 365 1161 similitudo
386 1113 430 1161 est
451 1104 575 1162 aetheris
597 1114 627 1161 et
651 1122 720 1161 cum
745 1123 782 1163 eo
805 1123 919 1163 summa
941 1105 1118 1163 coniunctio,

64 1201 280 1258 Effeminarunt
301 1211 400 1258 autem
421 1218 488 1258 eum
511 1201 677 1275 Iunonique
696 1202 865 1272 tribuerunt,
880 1200 962 1276 quod
984 1201 1055 1258 nihil
1077 1210 1119 1258 est

63 1317 100 1357 eo
121 1298 246 1357 mollius.
290 1296 349 1357 Sed
365 1299 509 1356 Iunonem
525 1317 543 1355 a
557 1297 684 1356 iuvando
699 1299 789 1357 credo
803 1299 993 1372 nominatam.
1034 1302 1120 1374 Aqua

25 1423 51 1451 ιο
63 1396 189 1454 restabat
203 1406 234 1454 et
248 1406 332 1466 terra,
348 1404 380 1452 ut
394 1406 491 1453 essent
505 1414 541 1453 ex
563 1396 665 1454 fabulis
687 1397 741 1454 tria
762 1415 852 1472 regna
866 1397 966 1455 divisa.
1009 1397 1118 1454 Datum

63 1503 108 1552 est
135 1494 220 1569 igitur
249 1493 400 1568 Neptun0‚
426 1493 506 1551 alteri
530 1493 616 1564 Iovis,
642 1503 674 1550 ut
696 1495 807 1565 volunt,
832 1495 918 1565 fratri,
943 1494 1118 1551 maritimum

62 1609 153 1649 omne
167 1609 300 1666 regnum,
316 1608 484 1666 nomenque
505 1590 691 1666 productum,
707 1601 739 1649 ut
762 1594 905 1649 Portunus
928 1610 945 1648 a
966 1601 1061 1666 portu,
1077 1591 1118 1648 sic

63 1689 222 1764 Neptunus
243 1707 262 1745 a
284 1688 383 1746 nando
401 1688 520 1763 paulum
542 1688 641 1763 primis
663 1689 762 1747 litteris
785 1689 951 1747 immutatis.
992 1690 1120 1746 Terrena

63 1796 162 1843 autern
177 1786 220 1843 vis
235 1785 332 1843 onmis
345 1795 433 1860 atque
446 1795 549 1844 natura
564 1786 625 1843 Diti
639 1786 713 1861 patri
728 1786 865 1844 dedicata
879 1796 931 1857 est,
947 1786 997 1861 qui
1020 1786 1118 1856 Dives

28 1913 50 1951 ις
64 1894 96 1941 ut
110 1883 191 1959 apud
206 1884 338 1942 Graecos
352 1882 496 1952 Πλούτων,
511 1883 580 1958 quia
600 1893 630 1940 et
650 1882 785 1941 recidunt
807 1884 906 1941 omnia
927 1884 957 1940 in
980 1893 1068 1940 terras
1091 1892 1120 1940 et

64 1989 196 2047 oriuntur
210 2006 226 2044 e
241 1987 332 2045 terris.
375 1987 430 2046 Cui
446 1996 566 2062 nuptum
582 1988 687 2044 dicunt
705 1988 917 2063 Proserpinam,
933 1986 1014 2062 quod
1029 1989 1118 2046 Grae-

64 2105 168 2144 corum
189 2103 300 2143 nomen
314 2093 376 2158 est3
398 2102 434 2142 ea
455 2085 534 2142 enim
555 2095 607 2156 est,
622 2103 698 2160 quae
713 2084 883 2159 Περσεφόνη
897 2087 1011 2144 Graece
1026 2085 1118 2142 nomi-

63 2192 158 2253 natur,
173 2201 263 2258 quarn
284 2182 398 2258 frugum
418 2200 521 2240 semen
542 2200 606 2239 esse
620 2182 722 2240 volunt
743 2182 1005 2256 absconditamque
1020 2181 1120 2256 quaeri

63 2300 82 2338 a
96 2290 188 2338 matre
210 2280 333 2354 fingunt.
376 2281 473 2337 Mater
493 2288 592 2337 autem
615 2288 658 2337 est
680 2297 698 2336 a
719 2277 854 2353 gerendis
879 2279 1007 2354 frugibus
1030 2278 1119 2337 Ceres
1132 2291 1157 2336 n

25 2405 51 2432 ω
64 2389 216 2452 tamquam
231 2378 341 2436 ‘Geres
353 2378 369 2448 ’,
385 2394 513 2451 casuque
528 2377 622 2452 prima
639 2376 732 2433 littera
753 2375 854 2433 itidem
876 2376 1035 2447 immutata,
1050 2386 1082 2433 ut
1102 2395 1120 2434 a

64 2476 206 2548 Graecis;
228 2493 298 2532 nam
319 2474 356 2532 ab
370 2474 422 2532 illis
437 2492 556 2549 quoque
571 2472 709 2549 Δημήτηρ
723 2473 806 2546 quasi
821 2471 955 2547 Γημήτηρ
970 2473 1120 2530 nominata

63 2584 117 2632 est.
161 2573 225 2631 Iam
239 2572 290 2647 qui
305 2589 410 2646 magna
422 2580 555 2641 verteret,
572 2571 699 2640 Mavors,
716 2570 849 2627 Minerva
863 2579 969 2639 autern,
986 2588 1060 2645 quae
1075 2571 1119 2627 vel

63 2673 209 2730 minueret
222 2670 270 2728 vel
284 2669 448 2727 minaretur.
490 2669 626 2742 Cumque
648 2667 679 2724 in
701 2668 837 2725 omnibus
851 2667 938 2725 rebus
952 2669 1010 2724 vim
1032 2667 1162 2732 habe-27

62 2780 128 2827 rent
155 2786 323 2826 maxumam
347 2766 440 2841 prima
464 2775 493 2823 et
521 2775 658 2834 extrema,
682 2764 843 2839 principem
871 2764 901 2821 in
929 2765 1119 2823 sacrificando

23 2893 48 2931 ης
64 2869 171 2924 Ianum
194 2882 258 2923 esse
273 2864 433 2933 voluerunt,
450 2861 531 2937 quod
554 2862 591 2920 ab
613 2860 712 2918 eundo
734 2879 844 2919 nomen
867 2871 911 2919 est
933 2861 1067 2931 ductum,
1084 2881 1119 2919 ex

62 2982 124 3040 quo
139 2963 323 3020 transitiones
336 2961 452 3036 perviae
467 2959 559 3017 ‘iani’
576 2960 710 3032 foresque
725 2959 755 3016 in
769 2958 914 3016 liminibus
935 2960 1120 3034 profanarum

61 3060 184 3118 aedium
206 3060 342 3117 ‘ianuae’
365 3057 560 3116 nominantur.
604 3056 681 3113 Nam
695 3056 803 3113 Vestae
824 3073 933 3113 nomen
947 3075 965 3113 a
979 3057 1118 3128 Graecis;

26 3194 40 3211 .
61 3176 99 3216 ea
120 3167 165 3215 est
186 3157 275 3226 enim,
289 3173 364 3230 quae
385 3155 423 3213 ab
444 3154 497 3212 illis
521 3150 621 3211 Ἑστία
645 3152 760 3211 dicitur.
802 3152 853 3210 Vis
877 3162 976 3211 autem
998 3153 1059 3210 eius
1081 3154 1120 3211 ad

60 3274 125 3313 aras
140 3264 170 3312 et
184 3254 268 3311 focos
282 3252 415 3327 pertinet.
459 3253 562 3325 Itaque
578 3250 607 3307 in
623 3249 738 3320 eaden,
754 3249 836 3325 quod
851 3259 895 3308 est
909 3269 1004 3309 rerum
1021 3260 1120 3309 custos

24 3380 48 3419 η
60 3352 251 3419 intumarum,
266 3349 361 3406 omnis
376 3357 405 3405 et
425 3347 555 3423 precatio
570 3356 599 3403 et
613 3346 786 3404 sacrificatio
808 3356 938 3404 extrema
958 3356 1011 3406 est.
1054 3348 1120 3405 Nec
1132 3365 1158 3407 sa

60 3450 149 3524 longe
164 3447 271 3506 absunt
292 3445 329 3504 ab
343 3444 399 3503 hac
413 3445 441 3502 vi
462 3443 493 3501 di
515 3445 638 3502 Penates
660 3444 719 3500 sive
742 3461 760 3501 a
784 3461 864 3518 penu
887 3443 978 3503 ducto
1001 3444 1120 3502 nomine

65 3547 127 3624 (est
148 3545 229 3604 enim
250 3561 348 3613 omne,
370 3559 429 3617 quo
451 3551 606 3598 vescuntur
628 3541 769 3610 homines,
792 3540 900 3615 penus)
927 3541 986 3599 sive
1011 3542 1048 3599 ab
1073 3561 1120 3613 eo,

59 3644 144 3721 quod
158 3641 277 3719 penitus
291 3638 417 3697 insident
429 3660 436 3710 ;
458 3657 494 3695 ex
509 3655 568 3712 quo
590 3638 677 3694 etiam
700 3638 897 3711 ‘penetrales’
920 3657 938 3695 a
960 3639 1055 3712 poetis
1069 3657 1119 3698 vo-

59 3751 174 3803 cantur.
219 3738 283 3796 Iam
296 3736 437 3812 Apollinis
455 3752 564 3792 nornen
586 3744 629 3792 est
650 3735 807 3804 Graecum,
823 3752 912 3808 quem
934 3735 1032 3793 Solem
1055 3753 1119 3795 esse
