2504 4170
360 292 427 341 LIB.
439 292 474 341 11.
508 292 569 341 Car.
581 293 648 352 LIV,
662 293 713 341 LV.
748 292 913 355 §5133-139.
1103 292 1161 356 123

98 447 268 507 mirabiliter
289 445 410 517 effecta,
425 463 501 520 quae
516 455 631 504 constat
645 446 704 504 fere
719 464 735 504 e
750 447 853 504 nervis.
896 447 949 505 Est
969 454 1068 503 autem
1090 446 1163 503 mul·

98 545 188 620 tiplex
202 553 234 602 et
248 553 388 609 tortuosa
401 552 539 618 arcetque
554 553 584 601 et
598 544 737 613 continet,
752 545 812 601 sive
828 543 897 601 illud
918 543 1032 601 aridum
1046 553 1089 601 est
1104 545 1164 602 sive

102 641 247 712 umidum,
264 640 352 717 quod
367 642 488 716 recepit,
504 652 536 698 ut
556 639 587 698 id
608 642 711 699 mutari
733 652 762 699 et
785 642 931 715 concoqui
954 642 1054 716 possit,
1070 659 1164 716 eaque

101 749 164 797 tum
178 738 358 813 astringitur,
375 748 438 796 turn
458 739 602 795 relaxatur
622 748 709 813 atque
730 757 828 807 omne,
844 738 925 812 quod
946 740 1070 813 accepit,
1086 741 1165 814 cogit

73 861 85 900 ⁵
104 846 133 894 et
147 833 315 906 confundit,
332 844 366 893 ut
381 835 464 892 facile
479 845 509 892 et
523 836 629 906 calore,
645 853 732 910 quem
748 836 870 892 multum
887 834 982 904 habet,
999 845 1028 892 et
1042 836 1165 895 terendo

103 933 172 991 cibo
187 941 217 990 et
231 942 387 1008 praeterea
401 932 501 1007 spiritu
515 932 615 989 omnia
630 943 715 989 cocta
729 943 816 1006 atque
829 933 965 989 conlecta
979 933 1008 988 in
1023 934 1165 1006 reliquum

105 1047 212 1104 corpus
226 1028 406 1087 dividantur.
449 1029 485 1085 In
500 1028 686 1102 pulmonibus
701 1039 798 1085 autem
814 1029 889 1086 inest
905 1030 1003 1086 raritas
1017 1029 1163 1103 quaedam
1171 1039 1208 1094 55

105 1136 136 1184 et
156 1125 298 1183 adsimilis
320 1125 453 1200 spongiis
476 1125 629 1183 mollitudo
648 1124 687 1182 ad
709 1125 902 1183 hauriendum
925 1126 1056 1200 spiritum
1078 1127 1165 1201 aptis-

106 1223 190 1294 sima,
205 1222 335 1296 quitum
350 1239 383 1279 se
403 1221 579 1279 contrahunt
600 1221 790 1297 adspirantes,
805 1232 867 1280 tum
889 1223 919 1279 in
940 1224 1080 1296 respiratu
1094 1223 1165 1280 dila·

71 1349 95 1376 ιο
107 1328 179 1390 tant,
193 1328 226 1376 ut
240 1319 411 1394 frequenter
425 1316 549 1377 ducatur
567 1319 649 1377 cibus
670 1320 810 1390 animalis,
826 1338 885 1394 quo
906 1320 1032 1377 maxime
1053 1319 1167 1377 aluntur

107 1417 281 1474 animantes.
326 1416 374 1472 Ex
387 1415 531 1473 intestinis
545 1426 643 1473 autem
657 1426 785 1474 secretus
800 1435 818 1473 a
831 1417 942 1491 reliquo
954 1418 1021 1474 cibo
1032 1436 1118 1474 sucus
1133 1418 1211 1487 ism

108 1531 169 1588 quo
182 1513 296 1583 alimur,
312 1521 467 1587 permanat
484 1511 523 1569 ad
544 1512 625 1569 iecur
638 1530 691 1587 per
704 1513 846 1587 quasdam
869 1531 886 1569 a
907 1512 1008 1570 medio
1030 1514 1167 1572 intestino

108 1628 201 1685 usque
217 1609 257 1668 ad
271 1619 372 1684 portas
389 1609 493 1666 iecoris
513 1609 570 1684 (sic
592 1610 670 1667 enim
690 1610 885 1684 appellantur)
904 1610 1008 1667 ductas
1023 1620 1052 1667 et
1066 1610 1167 1668 derec-

109 1717 152 1766 tas
166 1708 237 1778 vias,
252 1724 330 1781 qnae
345 1707 493 1781 pertinent
513 1705 552 1764 ad
573 1706 653 1764 iecur
670 1709 754 1781 eique
776 1707 945 1764 adbaerent.
987 1710 1083 1782 Atque
1099 1706 1168 1766 inde

74 1833 98 1870 ις
110 1805 181 1862 aliae
197 1805 258 1861 alio
273 1803 455 1878 pertinentes
470 1813 545 1874 sunt,
560 1822 613 1878 per
627 1821 699 1878 quas
721 1802 800 1860 cadit
822 1804 904 1860 cibus
926 1823 943 1860 a
964 1804 1061 1861 iecore
1075 1804 1168 1878 dilap-

110 1920 166 1960 sus.
210 1901 258 1959 Ab
281 1917 318 1958 eo
339 1900 409 1958 cibo
434 1918 502 1957 cum
528 1910 572 1958 est
595 1911 709 1958 secreta
732 1900 797 1958 bilis
822 1901 907 1974 eique
933 1919 1057 1970 umores,
1077 1901 1127 1974 qui
1151 1918 1168 1959 e

110 1998 232 2057 renibus
260 1996 486 2072 profunduntur,
515 1998 626 2071 reliqua
652 2015 684 2055 se
719 1998 749 2054 in
783 1998 955 2071 sanguinem
982 2008 1097 2054 vertunt
1131 1997 1169 2055 ad

111 2095 293 2169 easdemque
315 2106 416 2169 portas
437 2094 541 2151 iecoris
564 2095 722 2165 confluunt,
745 2093 783 2152 ad
804 2113 877 2168 quas
898 2113 1002 2152 omnes
1024 2096 1085 2152 eins
1106 2096 1169 2152 viae

111 2194 261 2268 pertinent
273 2212 281 2264 ;
301 2208 355 2267 per
366 2209 438 2266 quas
453 2191 549 2266 lapsus
564 2192 646 2250 cibus
660 2192 690 2249 in
704 2192 763 2249 hoc
778 2193 841 2266 ipso
856 2193 922 2250 loco
938 2194 1044 2249 ineam
1055 2211 1169 2263 venam,

76 2317 101 2344 ω
112 2308 187 2366 quae
204 2307 279 2347 cava
292 2289 464 2364 appellatur,
480 2288 667 2346 confunditur
680 2307 791 2364 perque
806 2307 871 2346 eam
893 2288 932 2346 ad
953 2307 1004 2345 cor
1019 2290 1170 2347 conlectus

112 2388 170 2446 iam
185 2395 351 2460 coctusque
368 2385 533 2461 perlabitur,
549 2403 567 2443 a
586 2384 676 2442 corde
698 2396 798 2442 antem
819 2386 848 2441 in
869 2395 964 2443 totum
985 2403 1091 2459 corpus
1112 2385 1170 2442 dis·

112 2485 249 2543 tribuitur
263 2500 316 2558 per
328 2500 418 2540 venas
438 2480 602 2540 admodum
622 2484 726 2540 multas
747 2483 777 2540 in
799 2501 902 2540 omnes
924 2492 1020 2557 partes
1041 2484 1171 2556 corporis

112 2581 305 2656 pertinentes.
348 2579 447 2653 Quem
462 2578 500 2637 ad
515 2579 638 2637 modum
652 2591 750 2637 autem
764 2579 901 2653 reliquiae
917 2580 974 2637 cibi
990 2579 1216 2653 depellanturna

114 2688 178 2736 tum
201 2677 428 2752 astringentibus
452 2694 483 2734 se
508 2676 659 2747 intestinis,
684 2687 747 2735 tuni
774 2677 976 2746 relaxantibus,
998 2675 1076 2733 haud
1101 2696 1171 2735 sane

79 2805 103 2844 ις
116 2775 232 2834 difficile
248 2773 330 2834 dictu
345 2783 399 2844 est,
414 2772 468 2832 sed
482 2784 580 2832 tamen
594 2773 841 2849 praetereundum
856 2784 907 2844 est,
924 2792 961 2830 ne
976 2772 1047 2847 quid
1067 2773 1172 2831 habeat

115 2870 334 2930 iniucunditatis
352 2871 454 2928 oratio,
497 2871 550 2928 Illa
569 2871 665 2946 potius
687 2871 848 2945 explicetur
868 2869 1044 2928 incredibilis
1065 2871 1173 2929 fabrica

115 2980 254 3028 naturae:
278 2968 358 3027 Nam
373 2985 448 3042 quae
466 2968 566 3042 spiritu
587 2969 617 3025 in
639 2967 793 3043 pulmones
815 2969 912 3025 anima
927 2968 1051 3038 ducitur,
1067 2986 1103 3025 ea
1123 2988 1171 3025 ca·

114 3067 197 3126 lescit
221 3066 353 3142 primum
376 3064 440 3140 ipso
461 3065 500 3124 ab
520 3066 631 3139 spiritu,
653 3064 763 3122 deinde
789 3066 965 3139 contagione
990 3065 1172 3138 pulmonum,

116 3183 151 3222 ex
164 3182 259 3240 eaque
273 3181 342 3240 pars
356 3161 489 3221 redditur
502 3161 682 3237 respirando
698 3182 764 3237 pars
787 3163 951 3236 concipitur
973 3161 1069 3219 cordis
1091 3174 1172 3236 parte

80 3262 252 3338 eoquadarn,
275 3278 368 3338 quem
391 3259 582 3318 ventriculum
608 3260 705 3316 cordis
729 3261 886 3333 appellant,
910 3260 956 3316 cui
979 3259 1078 3316 similis
1104 3261 1174 3316 alter

116 3359 269 3418 adiunctus
285 3369 340 3429 est,
356 3359 388 3415 in
402 3375 491 3432 quem
505 3358 621 3432 sanguis
637 3376 654 3413 a
668 3357 764 3414 iecore
786 3375 839 3431 per
852 3376 957 3414 venam
978 3356 1055 3412 illam
1071 3374 1173 3415 cavam

116 3456 212 3517 influit.
257 3458 368 3530 quue
390 3453 480 3512 modo
502 3472 539 3512 ex
559 3455 603 3512 his
624 3455 752 3528 partibus
775 3463 804 3510 et
824 3454 940 3527 sanguis
962 3470 1014 3526 per
1034 3470 1122 3509 venas
1144 3454 1173 3510 in

115 3571 200 3614 omne
211 3571 324 3630 corpus
336 3550 508 3610 diffunditur
518 3561 548 3609 et
561 3551 676 3626 spiritus
691 3569 743 3625 per
757 3551 882 3607 arterias,
914 3551 1063 3622 Utraeque
1076 3559 1173 3608 antem

115 3651 228 3711 crebrae
250 3649 426 3721 multaeque
440 3655 504 3704 toto
519 3665 641 3721 corpore
663 3648 790 3704 intextae
806 3647 864 3703 vim
879 3643 1027 3720 quandam
1048 3644 1173 3703 incredi-

81 3748 198 3815 rsbilem
225 3745 383 3813 artificiosi
411 3746 507 3822 operis
534 3745 683 3821 divinique
710 3754 861 3803 testantur.
904 3740 984 3818 Quid
1012 3740 1110 3798 dicam
1135 3743 1219 3801 dein
