2504 4170
411 287 478 336 Lm.
496 287 516 336 1.
550 288 713 337 emur-v.
747 287 863 351 essu.
1121 287 1158 350 35

106 457 217 514 genere
237 448 352 498 tantum
374 441 532 514 profecisse
553 441 694 511 videmur,
714 450 746 498 ut
768 460 785 498 a
807 442 928 500 Graecis
948 459 986 498 ne
1009 440 1161 498 verborum

107 537 230 611 quidem
249 539 338 612 copia
351 539 544 595 vinceremur.
587 539 713 595 Hortata
734 540 822 595 etiam
844 548 896 609 est,
911 548 943 595 ut
964 556 1012 594 me
1032 536 1161 594 adhaec
1181 552 1194 590 a

107 635 281 705 conferrem,
295 635 385 691 animi
406 633 559 708 aegritudo
581 635 712 692 fortunae
734 653 840 709 magna
862 645 890 692 et
911 635 989 709 gravi
1012 645 1162 692 commota

106 731 229 803 iniuria3
254 732 337 788 cuius
362 731 385 788 si
410 731 552 788 maiorem
577 731 704 805 aliquam
726 730 901 788 levationem
926 732 1051 806 reperire
1076 743 1160 806 potu·

73 828 205 899 sissem,
228 846 288 886 non
312 827 351 885 ad
380 828 456 885 hanc
485 828 669 901 potissimum
698 829 894 902 confugissem
906 849 914 900 3
946 847 982 886 ea
1005 848 1073 886 vero
1099 829 1161 903 ipsa

106 926 186 983 nulla
209 926 319 983 ratione
348 925 451 983 melius
480 924 534 981 frui
561 925 653 999 potui,
678 943 768 999 quam
796 926 820 982 si
848 944 896 983 me
924 945 984 983 non
1009 925 1100 984 modo
1121 924 1160 982 ad

105 1022 249 1096 legendos
278 1023 374 1093 libros,
396 1021 450 1078 sed
481 1022 568 1077 etiarn
598 1021 637 1078 ad
667 1030 759 1078 totam
788 1022 1005 1097 philosophiam
1033 1032 1159 1097 pertrac-

105 1119 227 1176 tandam
254 1118 413 1176 dedissem.
467 1119 579 1176 Omnes
607 1128 706 1175 autem
735 1120 796 1176 eius
825 1130 920 1193 partes
949 1130 1035 1193 atque
1061 1120 1161 1176 omnia

105 1216 240 1273 membra
259 1226 321 1272 turn
346 1216 492 1273 facillume
517 1226 685 1285 noscuntur,
702 1235 769 1272 cum
789 1226 867 1273 totae
892 1217 1076 1290 quaestiones
1091 1217 1160 1273 scri-

66 1334 93 1360 10
106 1312 208 1371 bendo
228 1314 426 1387 explicantur;
449 1322 492 1368 est
514 1312 593 1368 enim
614 1311 790 1369 admirabilis
812 1312 958 1386 quaedam
980 1314 1160 1371 continuatio

106 1410 255 1483 seriesque
276 1428 381 1479 rerum,
397 1419 429 1465 ut
450 1409 507 1466 alia
527 1426 563 1465 ex
584 1409 639 1466 alia
660 1428 736 1467 nexa
757 1420 786 1466 et
805 1428 908 1467 omnes
930 1411 1004 1466 inter
1024 1428 1054 1466 se
1074 1419 1160 1484 aptae

106 1507 328 1580 conligataeque
354 1505 514 1562 videantur.
558 1505 617 1579 Qui
642 1516 741 1563 autem
764 1507 922 1580 requirunt,
946 1505 1018 1580 quid
1042 1495 1198 1602 quaque}⁰

106 1603 145 1660 de
171 1621 202 1660 re
224 1603 278 1677 ipsi
301 1603 468 1673 sentiamus,
485 1604 625 1661 curiosius
648 1602 678 1661 id
698 1604 816 1673 faciunt,
840 1621 928 1677 quam
952 1621 1074 1661 necesse
1096 1614 1158 1676 est;

105 1700 261 1757 nonenim
279 1709 340 1756 tam
361 1709 495 1757 auctores
517 1701 546 1756 in
569 1700 747 1775 disputando
768 1719 857 1775 quam
878 1700 995 1758 rationis
1009 1710 1160 1757 momenta

67 1816 93 1854 ¹⁵
107 1795 277 1870 quaerenda
291 1807 365 1853 sunt.
410 1796 490 1870 Quin
513 1798 600 1854 etiam
622 1798 706 1854 obest
727 1797 898 1872 plerumque
920 1797 962 1865 iis,
978 1797 1028 1871 qui
1045 1796 1158 1854 discere

106 1893 218 1964 volunt,
243 1894 397 1951 auctoritas
421 1912 532 1963 eorum,
553 1894 602 1967 qui
625 1912 656 1951 se
676 1893 784 1950 docere
810 1894 1000 1967 profitentur3
1022 1893 1159 1951 desinunt

107 1991 187 2048 enim
210 2010 294 2048 suum
318 1991 459 2048 iudicium
482 1990 631 2061 adhibere,
652 1990 682 2047 id
705 1990 813 2048 habent
835 1999 938 2060 ratum,
956 1990 1038 2063 quod
1055 1990 1092 2047 ab
1111 2008 1157 2061 eo,

107 2108 196 2165 quem
217 2090 351 2164 probant,
367 2089 528 2146 iudicatum
542 2087 651 2146 vident.
694 2089 759 2146 Nec
782 2105 850 2145 vero
872 2088 994 2162 probare
1016 2089 1096 2146 soleo
1117 2088 1157 2158 id,

107 2185 190 2261 quod
201 2187 238 2244 de
255 2187 441 2262 Pythagoreis
456 2187 633 2260 accepimus
649 2203 723 2260 quos
737 2186 840 2256 ferunt,
852 2185 876 2242 si
887 2184 959 2259 quid
973 2185 1159 2243 adfirmarent

68 2313 94 2340 20
106 2285 137 2342 in
148 2283 335 2359 disputando,
345 2303 413 2341 cum
428 2302 465 2341 ex
480 2285 520 2340 eis
532 2292 725 2358 quaereretur,
736 2300 824 2356 quare
836 2283 876 2339 ita
886 2291 971 2351 esset,
981 2282 1158 2356 respondere

106 2382 224 2440 solitos:
248 2382 349 2456 ‘Ipse
371 2381 490 2439 dixit'.
534 2381 635 2455 ‘lpse’
651 2389 749 2437 autern
771 2389 831 2436 erat
854 2379 1038 2454 Pythagoras.
1080 2380 1157 2436 Tan-

105 2488 168 2536 tum
186 2479 287 2553 opinio
310 2477 509 2552 praeiudicata
532 2487 654 2552 poterat,
671 2487 702 2533 ut
726 2477 814 2532 etiam
837 2477 899 2533 sine
924 2477 1034 2533 ratione
1052 2476 1159 2534 valeret

106 2575 271 2632 auctoritas.
315 2574 373 2647 Qui
387 2584 485 2631 autem
506 2573 685 2631 admirantur
706 2592 760 2630 nos
782 2572 858 2630 hanc
875 2573 1058 2647 potissimum
1073 2573 1157 2631 disci·
1173 2594 1209 2640 n¹

106 2673 217 2747 plinam
232 2681 356 2742 secutos,
380 2672 413 2728 iis
435 2681 571 2746 quattuor
591 2670 778 2728 Academicis
800 2670 876 2728 libris
898 2671 965 2727 satis
986 2688 1159 2745 responsum

69 2790 94 2827 πε
106 2769 229 2826 videtur.
281 2769 347 2826 Nee
370 2786 438 2825 vero
463 2767 643 2825 desertarum
668 2768 891 2841 relictarumque
916 2785 1011 2824 rerum
1034 2768 1158 2841 patroci-

107 2867 188 2923 nium
217 2866 417 2940 suscepimus,
454 2883 514 2921 non
549 2864 629 2921 enim
664 2864 817 2921 hominum
852 2863 967 2921 interitu
999 2865 1158 2921 sententiae

107 2981 226 3036 quoque
249 2960 399 3030 occidunt,
422 2960 475 3018 sed
501 2962 596 3018 lucem
621 2962 747 3019 auctoris
770 2962 890 3019 fortasse
913 2959 1099 3030 desiderant;
1128 2973 1159 3018 ut

108 3053 180 3110 haec
203 3053 232 3108 in
254 3051 438 3126 philosophia
462 3052 534 3108 ratio
559 3061 661 3107 contra
685 3052 785 3109 omnia
810 3051 970 3110 disserendi
992 3052 1157 3125 nullamque

107 3168 168 3206 rem
192 3159 290 3222 aperte
314 3146 464 3205 iudicandi
487 3148 617 3221 profecta
639 3166 657 3204 a
678 3149 806 3218 Socrate,
822 3149 946 3220 repetita
967 3149 1004 3206 ab
1021 3140 1157 3217 Arcesila,

70 3272 94 3308 30
107 3246 279 3303 confirmata
292 3263 310 3301 a
324 3244 476 3302 Carneade
492 3262 585 3318 usque
599 3242 639 3301 ad
653 3255 782 3301 nostram
796 3246 886 3318 viguit
901 3255 1027 3302 aetatem
1039 3267 1046 3314 ;
1068 3263 1158 3319 quam

106 3361 186 3399 nunc
214 3359 306 3415 prope
336 3340 457 3397 modum
486 3342 587 3398 orbam
616 3359 679 3397 esse
712 3341 740 3397 in
770 3341 832 3414 ipsa
860 3342 984 3398 Graecia
1013 3341 1157 3415 intellego.

108 3436 199 3511 Quod
228 3456 287 3493 non
310 3437 487 3494 Academiae
512 3437 590 3506 vitio,
615 3437 667 3494 sed
695 3436 830 3493 tarditate
858 3436 1011 3495 hominum
1039 3438 1159 3495 arbitror

107 3535 274 3608 contigisse.
331 3535 408 3590 Nam
437 3535 459 3590 si
488 3532 613 3606 singulas
644 3533 812 3606 disciplinas
840 3535 991 3607 percipere
1019 3552 1158 3608 magnum

108 3642 160 3701 est,
183 3641 293 3704 quanto
317 3632 408 3687 maius
430 3630 545 3687 omnis?
566 3629 646 3703 quod
670 3629 765 3685 facere
788 3629 821 3685 iis
842 3648 963 3687 necesse
986 3641 1037 3701 est,
1053 3631 1159 3704 quibus

69 3756 93 3794 3⁵
107 3727 290 3803 propositum
312 3738 356 3783 est
370 3727 428 3782 veri
449 3724 615 3800 reperiendi
637 3743 724 3782 causa
744 3734 774 3782 et
794 3736 898 3782 contra
918 3720 1013 3785 omnis
1030 3726 1158 3801 philoso
