2504 4170
254 239 256 242 ⁴
299 273 365 322 Lm.
379 273 414 324 11.
447 273 793 336 cmxxxvuxxxvn.
827 275 959 339 §sam
1095 276 1155 340 107

90 425 166 484 tanti
187 426 289 502 operis
312 427 441 503 tantique
463 429 600 488 muneris.
642 431 731 487 Nunc
753 439 851 488 autem
874 430 945 488 mihi
959 429 1095 488 videntur
1116 440 1198 496 neue

92 523 239 598 suspicari
268 522 398 598 quidem,
423 534 533 601 quanta
560 527 595 584 sit
623 527 828 585 admirabilitas
856 528 1024 585 caelestium
1058 545 1154 586 rerum

93 631 185 695 atque
208 621 396 680 terrestrium.
676 691 684 706 ο

90 774 93 778 Α
136 718 289 793 Principio
309 719 387 776 enim
408 729 483 777 terra
506 720 560 778 sita
581 720 611 778 in
634 720 733 779 media
752 731 834 797 parte
856 721 959 779 mundi
981 723 1192 780 circumfusam

65 833 77 871 s
96 813 230 890 undiquc
246 825 292 873 est
306 815 361 873 hac
375 816 493 874 animali
514 818 698 894 spirabilique
719 828 830 890 natura,
846 819 892 875 cui
913 837 1022 877 nomen
1038 830 1081 878 est
1096 821 1153 892 aet,

97 913 248 971 Graecum
263 912 335 970 illud
349 913 478 988 quidem,
491 914 544 972 sed
558 925 730 991 perceptum
746 917 803 973 iam
818 926 916 973 tamen
930 935 983 974 usu
999 937 1016 974 a
1030 918 1153 990 nostris3

96 1010 195 1067 tritum
211 1019 256 1067 est
271 1011 350 1067 enim
365 1029 418 1086 pro
433 1012 547 1070 Latino.
591 1014 682 1070 Hunc
697 1032 792 1071 rursus
806 1014 990 1088 amplectitur
1006 1015 1155 1072 inmensus

96 1107 206 1179 aether,
223 1107 275 1182 qui
297 1119 411 1166 constat
432 1126 469 1166 ex
491 1109 633 1167 altissimis
655 1110 778 1184 ignibus.
822 1112 992 1168 Mutuemur
1010 1111 1067 1170 hoc
1082 1130 1153 1187 quo·

97 1223 154 1279 que
169 1205 303 1276 verbum,
319 1204 489 1280 dicaturque
507 1215 568 1264 tam
590 1207 724 1264 ‘aether’
748 1208 859 1280 Latine,
874 1226 963 1283 quam
977 1208 1083 1266 dicitur
1096 1209 1153 1281 aet,

63 1322 86 1350 10
97 1302 151 1360 etsi
166 1303 371 1378 interpretatur
385 1303 545 1361 Pacuvius:

138 1436 237 1506 Hoc,
260 1432 360 1508 quod
386 1451 560 1520 memore,
584 1436 701 1494 nostri
725 1437 882 1508 caelum,
902 1437 1004 1496 Gritii
1029 1437 1154 1512 perhi-

866 1534 955 1592 bent
979 1534 1154 1608 aethera;

97 1681 265 1757 quasivero
281 1699 341 1739 non
359 1680 462 1740 Graius
484 1680 542 1739 hoc
557 1680 645 1739 dicat.
688 1684 725 1740 At
747 1683 850 1740 Latine
871 1682 1005 1757 loquitur.
1048 1683 1077 1740 Si
1091 1683 1154 1757 qui·

97 1779 167 1837 dem
182 1797 237 1837 nos
253 1796 314 1836 non
328 1779 409 1853 quasi
425 1779 539 1838 Graece
561 1779 730 1854 loquentem
752 1778 913 1837 audiamus.
955 1781 1054 1837 Docet
1074 1778 1154 1837 idem

59 1895 83 1933 1⁵
97 1877 155 1934 alio
169 1876 257 1934 loco:

138 2024 350 2098 Graiugena
377 2023 421 2081 de
450 2024 546 2082 istoc
574 2025 696 2101 Aperit
724 2025 803 2100 ipsa
831 2025 966 2083 drati0.

96 2170 156 2231 Sed
184 2170 224 2228 ad
258 2171 369 2229 maiora
395 2171 558 2231 redeamus.
601 2173 648 2230 Ex
674 2171 791 2230 aethere
820 2172 904 2247 igitur
931 2172 1155 2231 innumerabiles
1169 2195 1194 2236 or

95 2269 232 2326 flammae
248 2268 376 2326 siderum
391 2270 525 2341 existunt,
541 2288 665 2345 quorum
686 2280 730 2327 est
751 2270 887 2344 princeps
910 2270 954 2326 sol
976 2271 1075 2326 omnia
1098 2270 1154 2327 cla-

95 2367 210 2424 rissima
233 2366 298 2423 luce
323 2365 512 2437 conlustrans,
534 2367 630 2424 multis
654 2367 783 2442 partibus
807 2366 900 2424 maior
924 2377 1010 2441 atque
1033 2367 1156 2442 amplior

53 2489 82 2516 20
96 2481 188 2538 quam
209 2472 285 2520 terra
305 2462 446 2534 universa,
461 2461 570 2521 deinde
591 2463 701 2539 reliqua
725 2463 820 2520 sidera
844 2463 1090 2538 magnitudinibus
1113 2464 1155 2521 in-

96 2561 217 2618 mensis.
259 2562 356 2636 Atque
379 2560 408 2618 hi
430 2561 503 2618 tanti
528 2561 609 2636 ignes
631 2570 750 2634 tamque
774 2559 856 2617 multi
884 2578 943 2617 non
969 2560 1060 2617 modo
1084 2561 1156 2619 nihil

94 2667 208 2716 nocent
222 2658 304 2716 terris
318 2658 463 2732 rebusque
484 2657 673 2729 terrestribus,
689 2657 742 2715 sed
766 2657 805 2715 ita
828 2666 957 2732 prosunt,
973 2667 1013 2728 ut,
1030 2658 1054 2715 si
1076 2668 1157 2716 mota

95 2755 166 2813 loco
181 2754 247 2826 sint,
264 2754 440 2830 conflagrare
455 2763 545 2812 terras
567 2773 689 2812 necesse
710 2755 746 2812 sit
769 2773 787 2811 a
809 2755 895 2812 tantis
918 2755 1069 2813 ardoribus
1091 2774 1154 2814 mo-

95 2852 251 2910 deratione
266 2861 296 2909 et
310 2852 522 2926 temperatione
537 2851 657 2910 sublata

51 2976 79 3015 25
139 2949 202 3007 Hic
216 2967 272 3024 ego
287 2967 347 3007 non
363 2949 450 3007 mirer
463 2967 527 3006 esse
543 2967 730 3023 quemquam,
746 2948 796 3024 qui
817 2949 870 3007 sibi
892 2948 1068 3024 persuadeat
1090 2931 1197 3037 cor-{g

93 3065 170 3124 pora
184 3045 331 3121 quaedam
346 3046 438 3104 solida
451 3056 539 3121 atque
554 3045 705 3103 individua
721 3046 750 3103 vi
771 3057 799 3103 et
820 3046 958 3122 gravitate
980 3047 1055 3118 serri,
1071 3065 1155 3103 mun-

93 3143 229 3219 dumque
244 3143 322 3202 effici
343 3143 558 3202 ornatissimum
574 3152 603 3200 et
617 3142 846 3218 pulcherrimum
867 3162 905 3201 ex
926 3161 1027 3201 eorum
1049 3161 1154 3219 corpo·

91 3261 160 3300 rum
175 3241 371 3299 concursione
386 3241 523 3299 fortuita?
565 3241 635 3298 Hoc
647 3241 697 3314 qui
711 3241 856 3299 existimat
869 3240 931 3299 lieri
945 3241 1084 3315 potuisse,
1094 3257 1156 3297 non

92 3339 244 3414 intellego,
259 3357 312 3396 cur
325 3355 386 3396 non
406 3337 486 3396 idem
500 3347 591 3412 putet,
607 3337 630 3394 si
651 3338 875 3397 innumerabiles
896 3339 981 3396 unius
1004 3348 1033 3396 et
1055 3338 1156 3412 viginti

50 3463 79 3503 30
92 3438 207 3497 formae
230 3435 388 3493 litterarum
409 3435 457 3493 vel
478 3453 583 3493 aureae
604 3435 650 3492 vel
673 3434 844 3510 qualeslibet
866 3435 963 3511 aliquo
987 3436 1155 3506 coiciantur,

91 3552 184 3612 posse
199 3551 238 3592 ex
251 3533 286 3591 iis
303 3532 334 3591 in
348 3542 454 3590 terram
476 3532 605 3590 excussis
628 3532 746 3590 annales
769 3533 867 3605 Ennii,
882 3542 914 3589 ut
936 3531 1076 3607 deinceps
1100 3531 1156 3606 legi

91 3632 218 3710 possint,
234 3630 312 3689 effici
322 3651 331 3703 ;
353 3629 434 3705 quod
448 3630 549 3688 nescio
564 3648 601 3687 an
621 3648 659 3686 ne
682 3630 712 3687 in
735 3647 795 3688 uno
816 3629 936 3705 quidem
957 3647 1040 3686 versu
1064 3628 1156 3703 possit

91 3739 211 3791 tantum
223 3727 322 3788 valere
337 3727 461 3787 fortuna.
504 3727 556 3786 Isti
570 3736 667 3784 autem
683 3744 772 3802 quem
786 3726 826 3784 ad
847 3724 969 3784 modum
983 3723 1193 3789 adseveranter
