2504 4170
317 298 383 348 am.
400 298 422 348 1.
455 297 517 347 cxi.
528 297 706 346 xL1-xL111.
741 297 772 361 §5
790 308 909 358 114-120.
1095 280 1139 360 67

81 451 173 525 tione,
197 449 281 527 quod
304 450 417 527 gloriari
440 450 547 520 soletis,
569 450 652 507 facile
680 459 725 507 est
752 449 873 519 liberari,
897 468 965 507 cum
993 450 1139 508 sustuleris

82 567 205 607 omnem
219 550 279 606 vim
294 547 437 620 deorum,
458 547 513 604 nisi
533 547 606 604 sorte
628 547 786 621 Diagoram
808 555 858 603 aut
871 545 1073 616 Theodorum,
1088 547 1138 621 qui

82 646 207 704 omnino
223 644 296 702 deos
310 662 374 701 esse
388 643 544 718 negabant,
558 660 661 700 censes
678 642 892 717 superstitiosos
913 659 977 699 esse
998 643 1137 717 potuisse.

83 744 149 818 Ego
164 760 203 801 ne
219 744 406 816 Protagoram
419 739 551 814 quidem,
566 740 614 797 cui
627 749 762 797 neutrum
777 739 898 810 licuerit,
913 756 971 796 nee
986 757 1050 796 esse
1064 739 1138 798 deos

81 857 217 897 necnon
232 856 306 896 esse.
348 839 466 895 Horum
480 837 559 894 enim
573 837 734 894 sententiae
749 837 881 893 omnium
902 854 964 893 non
984 835 1076 894 modo
1090 856 1137 895 su-

81 936 286 1012 perstitionem
299 935 413 1006 tollunt,
424 935 454 991 in
468 951 527 1009 qua
540 933 616 991 inest
629 933 716 990 timor
729 933 822 990 inanis
836 932 969 1004 deorum,
982 933 1035 991 sed
1049 934 1137 991 etiam

81 1033 265 1108 religionem,
287 1049 363 1107 quae
385 1031 509 1089 deorum
531 1031 610 1088 cultu
632 1030 683 1104 pio
706 1031 879 1089 continetur.
922 1031 1024 1104 Quid?
1044 1032 1072 1102 ii,
1087 1033 1182 1107 quius

81 1129 221 1188 dixerunt
241 1138 334 1187 totam
351 1127 390 1185 de
411 1127 457 1185 dis
477 1127 676 1185 inmortalibus
697 1126 868 1201 opinionem
891 1128 991 1185 fictam
1013 1147 1077 1187 esse
1100 1130 1138 1188 ab

81 1225 252 1284 hominibus
276 1224 455 1299 sapientibus
479 1223 521 1280 rei
546 1223 679 1298 publicae
703 1241 801 1295 causa,
822 1234 863 1295 ut,
884 1242 959 1298 quos
980 1226 1054 1283 ratio
1075 1245 1137 1284 non

55 1332 193 1399 ›posset,
209 1340 261 1380 eos
283 1321 322 1379 ad
342 1320 472 1378 officium
492 1319 592 1394 religio
616 1319 747 1391 duceret,
761 1339 860 1378 nonne
885 1340 1005 1379 omnem
1023 1323 1135 1397 religio-

81 1439 153 1479 nem
173 1419 305 1477 funditus
326 1417 522 1475 sustulerunt?
564 1417 665 1491 Quid?
686 1417 826 1476 Prodicus
842 1419 921 1488 Cius,
937 1419 986 1493 qui
1001 1437 1045 1490 ea,
1060 1439 1136 1494 quae

81 1516 260 1594 prodessent
272 1515 426 1573 hominum
439 1515 524 1585 vitae,
540 1515 663 1573 deorum
678 1517 708 1573 in
722 1534 845 1574 numero
859 1515 956 1574 habita
977 1534 1040 1574 esse
1055 1516 1135 1588 dixit,

80 1633 172 1691 quam
196 1612 320 1672 tandem
344 1611 513 1687 religionem
537 1614 671 1688 reliquit?
714 1613 816 1687 Quid?
839 1615 889 1688 qui
911 1623 960 1670 aut
984 1614 1063 1670 sortis
1087 1624 1181 1671 amna

81 1713 176 1770 claros
204 1721 255 1768 aut
281 1710 410 1785 potentis
433 1711 510 1768 viros
533 1711 651 1768 tradunt
675 1722 743 1786 post
767 1721 891 1769 mortem
915 1710 953 1768 ad
976 1710 1048 1768 deos
1069 1729 1134 1786 per-

55 1811 205 1880 evenisse,
222 1826 332 1882 eosque
347 1826 411 1866 esse
430 1809 517 1883 ipsos,
533 1827 607 1883 quos
627 1826 681 1866 nos
703 1809 809 1880 colere,
823 1809 935 1884 precari
947 1810 1135 1882 venerarique

79 1908 239 1977 soleamus,
254 1923 354 1964 nonne
373 1915 505 1980 expertes
526 1914 593 1963 sunt
606 1905 777 1980 religionum
792 1885 944 1963 omnium?
964 1923 1039 1979 quae
1062 1907 1134 1963 ratio

80 2005 210 2062 maxime
225 2012 349 2061 tractata
362 2003 400 2061 ab
415 2003 582 2060 Euhemero
600 2013 652 2072 est,
668 2021 757 2077 quem
777 2012 877 2060 noster
889 2012 919 2059 et
933 2002 1135 2077 interpretatus

80 2113 110 2161 et
124 2111 246 2161 secutus
261 2110 306 2158 est
320 2110 435 2176 praeter
447 2110 561 2156 ceteros
577 2099 698 2156 Ennius.
740 2099 787 2157 Ab
802 2099 968 2156 Euhemero
989 2110 1086 2156 autem
1107 2110 1137 2157 et

79 2211 190 2259 mortes
209 2209 240 2256 et
256 2198 421 2273 sepulturae
436 2194 671 2253 demonstrantur
683 2195 815 2253 deorum.
857 2197 963 2254 Utrum
983 2196 1068 2270 igitur
1088 2197 1137 2253 hic

55 2299 273 2356 >confirmasse
297 2293 412 2352 videtur
437 2292 608 2366 religionem
634 2311 673 2350 an
699 2293 815 2368 penitus
842 2300 934 2349 totam
969 2293 1138 2351 sustulisse?

78 2395 195 2456 Omitto
219 2392 389 2450 Eleusinem
410 2399 540 2448 sanctam
562 2389 640 2447 illam
661 2399 691 2447 et
710 2399 871 2464 augustam,

213 2517 287 2577 Ubi
308 2515 504 2573 initiantur
522 2515 652 2590 gentes
672 2532 815 2571 orarum
836 2512 1005 2585 ultimae,

77 2652 234 2720 praetereo
249 2639 479 2698 Samothraciam
493 2655 597 2712 eaque,
611 2655 686 2711 quae
703 2636 807 2695 ieiuni

214 2766 410 2824 Nocturno
430 2763 534 2822 aditu
555 2762 704 2820 occulta
724 2763 910 2834 coluntur,

55 2896 66 2934 ς
255 2862 496 2921 Silvestribus
518 2860 691 2934 saepibus
712 2859 840 2918 densa.

80 2989 197 3064 Quibus
212 2985 364 3060 explicatis
378 2984 416 3042 ad
430 2985 631 3058 rationemque
645 2984 787 3041 revocatis
804 3002 901 3040 rerum
922 2985 1013 3059 magis
1035 2996 1136 3042 natura

79 3084 271 3162 cognoscitur
284 3100 373 3156 quam
387 3081 519 3140 deorum.

119 3183 199 3241 Mihi
214 3179 337 3255 quidem
351 3180 439 3236 etiam
461 3179 657 3248 Democritus,
672 3179 714 3234 vir
735 3196 856 3251 magnus
879 3177 909 3234 in
930 3178 1038 3251 primis,
1053 3180 1134 3235 cuius
1146 3173 1184 3229 43

80 3279 211 3337 sontibus
226 3277 371 3351 Epicurus
389 3276 518 3333 hortulos
539 3293 607 3331 suos
629 3275 768 3348 inrigavit,
784 3284 884 3330 nutare
898 3273 1013 3331 videtur
1034 3275 1064 3332 in
1084 3294 1134 3331 na·
1148 3253 1184 3291 ¹²⁰

55 3384 143 3440 utura
158 3374 294 3432 deorum.
334 3373 412 3429 Tum
433 3373 513 3429 enim
535 3380 635 3428 censet
657 3371 797 3445 imagines
820 3370 968 3427 divinitate
988 3371 1133 3445 praeditas

80 3472 175 3530 inesse
190 3470 221 3528 in
236 3469 420 3526 universitate
441 3487 546 3537 rerum,
561 3476 623 3524 tum
644 3467 787 3541 principia
801 3466 915 3535 mentis,
930 3485 1006 3539 quae
1028 3467 1084 3524 sint
1106 3468 1135 3522 in

80 3568 190 3626 eodem
204 3566 350 3635 universe,
365 3564 439 3622 deos
453 3583 516 3621 esse
532 3563 611 3631 dicit,
627 3572 689 3619 tum
712 3563 873 3619 animantes
896 3561 1044 3634 imagines,
1060 3581 1135 3636 quae

80 3665 126 3723 vel
147 3661 292 3741 prodesse
315 3661 399 3718 nobis
423 3663 535 3718 soleant
558 3659 604 3715 vel
627 3677 744 3729 nocere,
759 3668 820 3714 tum
845 3657 969 3730 ingentis
994 3658 1135 3732 quasdam

81 3759 225 3836 imagines
251 3766 415 3832 tantasque,
435 3765 468 3814 ut
487 3755 655 3812 universum
676 3751 820 3811 mundum
841 3751 1064 3825 conplectantur
1085 3772 1134 3810 ex-
