2504 4170
372 278 438 330 ΗΒ.
450 278 500 330 111.
534 278 708 329 clav-VII.
742 277 875 342 §511-18.
1086 281 1141 344 141

82 451 198 510 semper
219 451 262 491 ex
284 433 370 491 omni
389 433 558 491 aeternitate
572 450 673 490 verum
690 432 783 504 fuerit,
798 431 829 490 id
843 450 906 490 esse
921 432 1022 491 fatum.
1065 432 1146 508 Quid

83 533 164 608 igitur
183 531 270 589 iuvat
284 540 338 589 aut
352 528 424 605 quid
438 529 531 587 adfert
544 528 584 587 ad
598 528 763 587 cavendum
784 530 857 588 scire
879 528 989 605 aliquid
1010 531 1145 604 futurum,

85 646 150 686 cum
171 628 204 686 id
228 636 313 684 certe
335 628 463 684 futurum
483 627 541 684 sit?
580 625 670 686 Unde
691 644 778 701 porro
800 627 854 685 ista
871 626 1031 685 divinatio?
1073 629 1146 702 Quis

84 726 193 784 invenit
207 725 315 783 fissum
329 724 454 781 iecoris?
474 724 539 798 quis
553 724 678 782 cornicis
693 734 812 782 cantum
826 725 946 796 notavit,
962 726 1026 800 quis
1043 727 1147 784 sortis?

61 838 72 879 s
86 823 189 898 quibus
204 840 264 897 ego
280 814 384 892 credo,
395 839 451 879 nec
466 839 586 895 possum
600 821 661 878 Atti
675 821 770 890 Navii,
783 839 870 895 quem
883 824 1145 894 commemorabas,

85 919 186 977 lituum
208 927 414 977 contemnere.
456 916 515 976 Sed
531 918 582 992 qui
603 918 657 975 ista
677 918 825 975 intellecta
845 919 910 990 sint,
925 937 944 976 a
964 919 1145 994 philosophis

87 1015 182 1075 debeo
193 1015 323 1087 discere,
334 1015 504 1090 praesertim
519 1033 587 1072 cum
602 1014 732 1090 plurimis
745 1014 782 1072 de
798 1015 883 1073 rebus
898 1015 988 1073 divini
1003 1016 1049 1073 isti
1063 1034 1144 1073 men-

86 1114 201 1172 tiantur.
244 1115 285 1171 At
304 1110 414 1170 medici
430 1130 549 1187 quoque
569 1112 625 1189 (ita
644 1112 723 1169 enim
738 1111 873 1187 dicebas)
894 1130 982 1186 saepe
1001 1112 1144 1171 falluntur.
1158 1132 1185 1173 ra

88 1209 166 1284 Quid
187 1210 285 1268 simile
307 1207 465 1280 medicina,
486 1209 568 1267 euius
589 1227 645 1284 ego
667 1209 810 1266 rationem
831 1208 928 1280 vide0,
946 1217 976 1266 et
995 1208 1145 1280 divinatio,

59 1322 160 1381 aquae
181 1305 265 1364 unde
287 1305 405 1377 oriatur,
420 1323 482 1364 non
501 1306 660 1380 intellego?
700 1307 747 1363 Tu
764 1315 862 1363 autem
880 1306 968 1363 etiam
986 1306 1146 1364 Deciorum

89 1401 297 1462 devotionibus
311 1402 442 1477 placatos
456 1401 530 1460 deos
544 1421 608 1461 esse
623 1421 737 1461 censes.
780 1403 865 1476 Quae
880 1403 933 1460 suit
947 1421 1049 1460 eorum
1066 1413 1147 1461 tanta

88 1499 234 1575 iniquitas,
250 1508 283 1557 ut
301 1499 411 1573 placari
428 1500 540 1574 populo
559 1501 698 1558 Romano
716 1517 778 1558 non
795 1509 925 1574 possent,
940 1500 995 1557 nisi
1010 1500 1061 1557 viri
1074 1500 1146 1558 tales

88 1597 290 1656 occidissent?
332 1596 494 1655 Consilium
518 1596 589 1654 illud
614 1597 832 1672 imperatorium
853 1597 914 1668 suit,
936 1595 1018 1670 quod
1040 1598 1147 1655 Graeci

88 1693 278 1772 στρατήγημα
294 1694 452 1768 appellant,
467 1691 521 1751 sed
535 1711 637 1751 eorum
652 1694 868 1768 imperatorum,
884 1693 934 1767 qui
948 1694 1058 1768 patriae
1073 1712 1144 1752 con-

59 1791 224 1862 usulerent,
239 1789 319 1847 vitae
338 1808 400 1847 non
418 1799 571 1864 parcerent
581 1811 590 1862 ;
611 1790 748 1848 rebantur
766 1791 845 1847 enim
866 1791 928 1848 iore
949 1801 981 1848 ut
1001 1791 1145 1848 exercitus

87 1887 298 1962 imperatorem
313 1904 391 1961 equo
406 1886 527 1944 incitato
545 1905 577 1944 se
597 1887 628 1945 in
646 1887 762 1946 hostem
778 1888 974 1945 inmittentem
988 1906 1145 1963 perseque-

86 1995 173 2057 retur,
191 1983 225 2042 id
243 1982 328 2059 quod
346 1984 451 2042 evenit.
494 1984 572 2041 Nam
592 1985 685 2042 Fauni
702 2003 807 2042 vocem
826 1985 965 2059 equidem
984 2003 1146 2059 numquam

87 2080 186 2141 audivi
196 2102 206 2154 ;
228 2081 292 2153 tibi,
307 2080 332 2138 si
352 2079 497 2139 audivisse
518 2090 547 2138 te
567 2080 649 2153 dicis,
665 2081 794 2152 credam,
810 2082 864 2139 etsi
885 2084 1003 2140 Faunus
1024 2083 1146 2140 omnino

87 2178 158 2254 quid
181 2178 219 2236 sit
239 2177 353 2235 nescio.
395 2177 466 2234 Non
484 2177 569 2252 igitur
587 2177 696 2247 adhuc,
713 2187 854 2252 quantum
868 2178 989 2253 quidem
1004 2178 1077 2236 inte
1092 2190 1145 2250 est,
1160 2187 1174 2242 7

59 2296 77 2328 u
87 2276 189 2347 Balbe,
204 2273 345 2348 intellego
360 2272 432 2331 deos
451 2291 525 2345 esse,
540 2292 614 2348 quos
633 2272 772 2349 equidem
789 2274 880 2333 credo
900 2293 982 2347 esse;
1005 2275 1058 2333 sed
1075 2276 1146 2333 nihil

87 2371 201 2431 docent
228 2369 330 2430 Stoici.
379 2371 458 2428 Nam
483 2371 649 2442 Cleanthes,
674 2380 707 2428 ut
727 2369 861 2444 dicebas,
886 2381 1022 2446 quattuor
1048 2371 1184 2431 modisrs

86 2469 228 2527 formatas
242 2468 273 2525 in
288 2467 392 2525 animis
405 2467 559 2526 hominum
569 2478 652 2543 putat
663 2466 787 2526 deorum
802 2487 865 2526 esse
880 2469 1025 2527 notiones.
1060 2472 1145 2529 Unus

87 2565 112 2623 is
132 2563 242 2622 modus
264 2573 319 2636 est,
336 2562 375 2622 de
392 2582 451 2639 quo
470 2565 538 2623 satis
555 2565 623 2640 dixi,
642 2565 693 2640 qui
713 2575 757 2623 est
778 2577 930 2642 susceptus
951 2585 988 2623 ex
1007 2585 1143 2642 praesen-

88 2662 171 2720 sione
192 2679 292 2719 rerum
312 2660 480 2733 suturarum,
501 2662 574 2719 alter
593 2680 631 2719 ex
651 2662 915 2737 perturbationibus
937 2673 1145 2738 tempestatum

59 2768 120 2826 net
132 2758 250 2833 reliquis
266 2757 404 2828 motibus,
418 2759 518 2816 tertius
533 2777 570 2816 ex
584 2759 794 2817 commoditate
809 2778 914 2831 rerum,
930 2779 1001 2835 quas
1020 2762 1143 2836 percipi·

88 2873 163 2927 mus,
179 2864 208 2912 et
228 2853 328 2929 copia,
342 2864 460 2928 quartus
481 2872 517 2912 ex
537 2866 678 2914 astrorum
697 2855 800 2914 ordine
821 2857 952 2931 caelique
972 2859 1144 2916 constantia.

89 2952 138 3010 De
158 2950 371 3028 praesensione
389 2951 525 3011 diximus.
568 2955 614 3010 De
635 2954 900 3028 perturbationibus
922 2954 1094 3013 caelestibus
1116 2966 1146 3013 et

88 3049 240 3107 maritimis
262 3056 294 3105 et
314 3049 515 3107 terrenisnon
535 3068 689 3125 possumus
710 3049 819 3122 dicere,
839 3070 908 3108 cum
929 3070 965 3108 ea
985 3051 1063 3124 fiant,
1084 3070 1145 3110 non

89 3156 153 3204 esse
169 3145 291 3215 multos,
307 3144 357 3218 qui
377 3145 424 3202 illa
444 3156 575 3204 metuant
592 3156 621 3204 et
638 3164 655 3203 a
670 3146 714 3204 dis
736 3147 935 3205 inmortalibus
955 3147 1017 3213 fieri
1039 3148 1145 3205 existu-

59 3260 79 3299 ιο
89 3252 190 3315 ment;
211 3241 345 3301 sednon
359 3241 390 3300 id
404 3244 556 3317 quaeritur,
572 3245 667 3301 sintne
681 3244 778 3318 aliqui,
793 3245 842 3318 qui
857 3244 930 3301 deos
945 3261 1008 3301 esse
1023 3254 1145 3319 putent;
1158 3257 1184 3300 rr

90 3338 122 3396 di
135 3348 231 3398 utrum
247 3338 308 3397 sint
321 3356 416 3396 necne
430 3340 495 3411 sint,
511 3341 665 3415 quaeritur.
709 3341 786 3397 Nam
801 3342 928 3415 reliquae
943 3359 1058 3413 causae,
1073 3359 1145 3415 quas

92 3436 252 3495 Cleanthes
271 3434 374 3506 adfert,
389 3452 510 3509 quarum
529 3456 588 3494 una
606 3447 649 3495 est
664 3435 702 3494 de
722 3437 956 3509 commodorum,
972 3455 1047 3511 quae
1067 3437 1146 3512 eapi-

91 3552 163 3606 mus,
178 3533 280 3608 copia,
295 3531 384 3589 altera
398 3530 436 3589 de
450 3542 616 3608 temporum
630 3534 732 3591 ordine
748 3534 879 3608 caelique
897 3535 1068 3605 constantia,
1083 3543 1146 3591 turn

92 3632 297 3691 tractabuntur
312 3646 331 3685 a
346 3628 439 3700 nobis,
454 3648 523 3688 cum
537 3630 748 3705 disputabimus
763 3629 802 3688 de
817 3630 1000 3705 providentia
1013 3630 1145 3701 deorum,

59 3726 129 3787 ude
148 3746 210 3805 qua
230 3725 358 3803 pludma
377 3744 396 3784 a
415 3736 454 3799 te,
474 3728 574 3800 Balbe,
591 3727 672 3786 dicta
693 3738 760 3786 sunt
769 3749 778 3801 3
799 3727 966 3802 eodemque
989 3727 1036 3785 illa
1058 3727 1146 3786 etiam
1158 3741 1184 3783 rs
