2504 4170
415 250 480 298 LIB.
492 250 528 299 11.
561 249 622 299 Car.
634 250 665 310 V,
677 250 723 300 VI.
757 251 788 315 ξς
803 263 890 316 12-17.
1138 240 1178 317 83

109 425 244 485 eamque
267 405 317 464 vel
338 405 505 476 maximam,
526 404 761 479 aequabilitatem
782 415 878 463 motus
899 405 1180 482 conversionumque

110 508 197 578 caeli,
213 505 296 576 solis,
310 503 396 560 lunae
411 501 597 577 siderumque
612 502 744 560 omnium
758 501 985 574 distinctionem,
999 504 1177 577 varietatem,

111 601 379 680 pulchritudinem,
408 599 551 670 ordinem,
579 617 702 674 quarum
732 617 829 657 rerum
857 612 991 674 aspectus
1020 602 1082 676 ipse
1110 604 1177 661 satis

111 701 262 760 indicaret
276 716 337 755 nou
351 714 415 755 esse
430 715 467 754 ea
486 696 611 754 fortuita.
653 697 704 767 Ut,
726 697 749 753 si
771 697 834 771 quis
856 697 885 753 in
907 696 1028 754 domum
1050 699 1176 772 aliquam

79 815 92 854 s
113 808 164 857 aut
186 798 218 856 in
241 795 426 872 gymnasium
447 802 498 851 aut
519 793 550 850 in
572 794 666 850 forum
687 794 806 864 venerit,
830 812 899 851 cum
923 794 1020 852 videat
1044 797 1175 853 omnium

112 914 213 954 rerum
226 894 383 962 rationem,
397 889 529 962 modum,
545 889 739 965 disciplinam,
756 909 817 948 non
837 892 929 966 possit
950 910 985 950 ea
1006 893 1067 950 sine
1088 911 1177 951 causa

113 992 176 1050 fieri
198 990 343 1060 iudicare,
368 987 422 1046 sed
447 1005 511 1045 esse
535 987 663 1062 aliquem
687 987 844 1063 intellegat,
869 989 919 1062 qui
944 991 1050 1063 praesit
1074 1000 1104 1047 et
1128 991 1175 1048 cui

113 1099 260 1166 pareatur,
290 1084 383 1143 multo
410 1085 502 1159 magis
530 1084 561 1142 in
588 1085 675 1143 tantis
709 1086 887 1143 motionibus
919 1087 1063 1161 tantisque
1091 1089 1173 1145 vicis-

114 1185 303 1255 situdinibus,
321 1193 382 1241 tam
401 1182 556 1239 multarum
574 1199 671 1240 rerum
688 1193 775 1257 atque
796 1192 941 1240 tentanum
962 1182 1122 1255 ordinibus,
1144 1186 1174 1242 in

76 1305 102 1333 ιο
114 1285 221 1359 quibus
243 1281 316 1340 nihil
337 1298 478 1354 umquam
499 1279 632 1337 inmensa
653 1290 683 1337 et
703 1279 815 1337 infinita
838 1290 965 1337 vetustas
986 1282 1108 1338 mentita
1128 1283 1173 1354 sit,

113 1389 222 1439 statuat
257 1395 381 1436 necesse
416 1387 460 1434 est
492 1377 531 1435 ab
558 1377 655 1451 aliqua
680 1386 778 1434 mente
806 1386 902 1434 tantos
931 1388 1048 1435 naturae
1077 1390 1173 1437 motus

113 1476 279 1554 gubernari.
322 1474 503 1549 Chrysippus
530 1472 660 1547 quidem,
689 1492 867 1548 quamquam
897 1484 940 1531 est
964 1475 1105 1533 acerrimo
1131 1453 1211 1559 in'h

113 1576 212 1652 genio,
226 1584 329 1630 tamen
343 1590 380 1630 ea
393 1571 475 1642 dicit,
489 1579 522 1628 ut
542 1571 579 1629 ab
600 1571 664 1645 ipsa
684 1581 785 1628 natura
807 1571 954 1643 didicisse,
976 1591 1037 1630 non
1057 1582 1090 1629 ut
1110 1574 1172 1648 ipse

113 1671 279 1748 repperisse
303 1668 444 1726 videatur.
486 1667 538 1726 ‘Si
567 1669 687 1738 enim’,
717 1668 818 1741 inquit,
855 1671 927 1725 ‘est
960 1669 1103 1743 aliquid
1137 1671 1172 1727 in

75 1787 235 1834 15rerum
272 1774 418 1835 natura,
453 1763 551 1840 quod
585 1764 745 1822 hominis
781 1783 894 1835 mens,
930 1764 1027 1838 quod
1061 1767 1171 1837 rati0,

114 1863 215 1941 quod
248 1863 319 1934 vis,
355 1860 453 1936 quod
495 1871 665 1936 potestas
707 1861 864 1919 humana
906 1862 1060 1920 efficere
1102 1882 1173 1921 non

113 1961 252 2039 possit,
288 1967 343 2018 est
377 1967 478 2016 certe
513 1957 564 2029 id,
599 1957 699 2032 quod
730 1958 822 2016 illud
857 1959 993 2030 essicit,
1025 1959 1172 2018 homine

113 2058 272 2130 melius;
295 2055 397 2130 atqui
417 2073 473 2112 res
495 2055 677 2113 caelestes
698 2048 898 2129 omnesque
920 2073 998 2126 eae,
1023 2074 1173 2130 quarum

113 2165 169 2215 est
213 2151 306 2213 ordo
344 2152 608 2227 sempiternus,
642 2152 686 2210 ab
729 2152 875 2210 homine
919 2154 1058 2210 confici
1102 2173 1173 2211 non

73 2260 293 2330 „possunt3
329 2258 385 2308 est
418 2248 532 2324 igitur
564 2247 610 2318 id,
646 2267 666 2305 a
700 2267 772 2323 quo
807 2249 871 2306 illa
905 2251 1172 2322 conficiuntur,

112 2349 264 2409 homine
307 2346 447 2405 melius.
499 2343 542 2404 Id
576 2355 695 2403 autem
737 2345 825 2420 quid
869 2347 995 2420 potius
1036 2347 1173 2406 dixeris

113 2463 223 2522 quam
255 2443 383 2503 deum?
423 2442 570 2501 Etenim
607 2442 636 2500 si
667 2441 704 2500 di
738 2461 810 2500 uon
841 2454 938 2513 sunt,
971 2443 1059 2518 quid
1094 2463 1172 2503 esse

113 2551 243 2620 potest
267 2541 304 2600 in
327 2557 447 2598 rerum
467 2548 597 2597 natura
617 2539 764 2597 homine
786 2540 938 2597 melius?
957 2540 992 2597 in
1014 2558 1056 2599 eo
1077 2544 1172 2599 enim

114 2641 196 2699 solo
217 2647 273 2697 est
292 2636 404 2709 ratio,
425 2654 495 2711 qua
522 2636 615 2693 nihil
645 2646 769 2710 potest
798 2654 877 2693 esse
907 2640 1172 2711 praestantius.

73 2765 100 2805 ις
115 2739 208 2796 Esse
239 2743 362 2793 autem
395 2732 593 2803 hominem,
626 2733 685 2807 qui
716 2732 809 2790 nihil
839 2733 873 2789 in
908 2735 1004 2791 omni
1039 2735 1173 2794 mundo

114 2833 247 2892 melius
268 2848 349 2891 esse
368 2848 474 2906 quam
496 2848 532 2887 se
553 2838 672 2905 putet,
690 2828 914 2904 desipientis
931 2831 1172 2907 adrogantiae

116 2939 191 3003 est;
223 2946 310 3006 ergo
341 2937 397 2987 est
417 2926 559 3001 aliquid
590 2927 741 2998 melius;
773 2936 828 2983 est
860 2928 972 3001 igitur
1002 2930 1173 3003 profecto

115 3027 232 3086 deus!
274 3028 321 3084 An
347 3042 426 3095 vero,
455 3024 479 3082 si
507 3023 629 3081 domurn
656 3042 793 3098 magnam
820 3024 1029 3099 pulchramque
1058 3026 1171 3097 videris,
1202 3035 1214 3045 ‘

114 3143 177 3183 non
196 3123 291 3198 possis
313 3121 431 3192 adduci,
450 3131 491 3192 ut,
515 3120 627 3178 etiamsi
649 3118 803 3178 dominum
826 3139 886 3177 non
909 3120 1019 3190 videas,
1044 3124 1172 3181 muribus

76 3251 103 3290 30
115 3222 195 3279 illam
223 3230 253 3278 et
280 3219 409 3276 mustelis
440 3217 625 3275 aedificatam
656 3219 762 3290 putes?
795 3226 906 3274 tantum
939 3235 1008 3293 ergo
1039 3230 1172 3277 ornatum

115 3316 231 3387 muudi,
246 3325 357 3373 tantam
369 3315 537 3372 varietatem
552 3312 856 3388 pulchritudinemque
877 3331 973 3371 rerum
995 3315 1171 3385 caelestium,

116 3425 229 3473 tantam
242 3413 302 3470 vim
318 3422 346 3469 et
361 3410 592 3485 magnitudinem
613 3411 699 3467 maris
720 3422 808 3484 atque
830 3420 968 3467 terrarum
989 3413 1116 3469 situum
1137 3431 1172 3469 ac

115 3530 178 3569 non
212 3508 337 3568 deorum
374 3507 568 3564 inmortalium
606 3505 787 3563 domicilium
823 3515 918 3579 putes,
940 3490 1051 3565 'nonne
1086 3507 1171 3581 plane

117 3608 252 3683 desipere
280 3604 419 3662 videare?
466 3605 512 3659 An
542 3620 580 3658 ne
608 3601 815 3675 hoc'quidem
843 3602 1045 3677 intellegimus,
1073 3604 1172 3660 omnia

79 3731 103 3770 as
117 3721 223 3780 supera
235 3718 300 3760 esse
315 3700 442 3771 meliora,
457 3709 564 3758 terram
581 3707 680 3756 autem
701 3715 764 3755 esse
786 3697 925 3766 infimam,
946 3716 1036 3772 quarn
1056 3698 1171 3756 crassis·
