2504 4170
124 280 184 342 124
447 277 496 328 nn
518 277 662 328 ultumi
685 276 844 329 unorum

118 432 254 491 ossibus?
274 449 349 506 quae
364 432 495 490 subiecta
509 432 624 506 corpori
638 432 782 490 mirabiles
797 431 1011 492 commissuras
1028 432 1165 494 habentet
1209 500 1211 505 ,

118 527 157 587 ad
172 528 356 586 stabilitatem
370 538 452 603 aptas
467 538 496 585 et
510 528 548 585 ad
562 539 639 585 artus
653 528 799 586 finiendos
819 528 1070 589 adcommodatas
1091 540 1118 589 et
1135 528 1165 588 ad
1209 536 1211 583 ῑ

119 636 232 684 motum
248 637 277 682 ct
292 625 330 682 ad
345 643 464 683 omnem
486 626 615 699 corporis
637 627 793 683 actionem.
837 628 908 683 Huc
931 626 1012 685 adde
1035 646 1165 699 nervosa
1209 642 1211 647 ·

119 726 223 800 quibus
238 734 315 781 artus
330 725 525 792 continentur,
542 741 701 797 eorumque
724 725 946 798 inplicationem
969 743 1095 801 corpore
1114 735 1165 784 toto

120 823 323 897 pertinentem,
340 820 389 894 qui
409 821 482 876 sicut
496 838 588 876 venae
611 830 640 876 et
660 821 780 877 arteriae
802 839 820 877 a
840 820 932 882 corde
955 823 1042 880 tracti
1063 832 1092 881 et
1110 840 1185 898 pro-s

75 893 189 1000 ffisecti
205 920 234 975 in
248 935 354 991 corpus
369 934 457 973 omne
473 916 627 973 ducuntur.
669 916 716 973 Ad
737 919 812 973 lianc
827 917 1047 991 providentiam
1060 930 1165 976 naturae

119 1025 178 1072 tam
194 1014 364 1089 diligentem
381 1023 499 1087 tamque
521 1013 665 1070 sollertem
688 1013 807 1088 adiungi
829 1015 920 1071 multa
934 1024 1070 1089 possunt,
1085 1033 1101 1074 e
1114 1016 1165 1090 qui·

119 1113 173 1170 bus
195 1112 383 1186 intellegatur,
399 1119 525 1184 quantae
546 1127 592 1167 res
614 1110 781 1168 hominibus
806 1107 840 1187 [a
860 1109 923 1188 dis]
947 1130 1098 1188 quamque
1117 1113 1164 1170 exi·

120 1209 196 1266 miae
210 1210 333 1267 tributae
348 1207 429 1264 sint.¹
457 1206 542 1279 Quae
557 1205 682 1280 primum
701 1224 753 1265 eos
774 1207 866 1265 humo
881 1208 1027 1267 excitatos
1042 1210 1132 1269 celsos
1143 1217 1165 1266 et

120 1317 233 1364 erectos
261 1304 418 1375 constituit,
442 1314 472 1361 ut
501 1302 624 1360 deorum
651 1305 849 1378 cognitionem
875 1305 993 1363 caelum
1030 1306 1189 1364 intuentese

120 1420 225 1478 capere
244 1412 373 1478 possent.
415 1401 487 1459 Sunt
508 1400 587 1457 enim
609 1410 741 1458 exterra
762 1401 897 1458 homines
917 1419 981 1459 non
1005 1412 1040 1461 ut
1063 1403 1166 1462 incolae

120 1511 207 1575 atque
222 1500 406 1570 habitatores,
422 1497 474 1556 sed
489 1498 572 1572 quasi
594 1507 773 1572 spectatores
793 1515 965 1572 superarum
977 1517 1077 1558 rerum
1090 1510 1166 1575 atque

120 1598 298 1669 caelestium,
314 1615 436 1672 quarum
450 1594 651 1670 spectaculum
666 1594 704 1652 ad
718 1595 829 1653 nullum
843 1593 923 1654 aliud
936 1613 1034 1670 genus
1048 1597 1165 1655 animan-

119 1697 192 1753 tium
217 1695 351 1769 pertinet.
393 1694 500 1751 Sensus
525 1702 624 1749 autem
648 1692 819 1766 interpretes
847 1710 882 1748 ac
906 1693 1004 1751 nuntii
1027 1711 1123 1752 rerum
1143 1694 1166 1750 in

120 1793 216 1867 capite
232 1801 381 1866 tamquam
395 1791 425 1847 in
439 1808 505 1847 arce
519 1790 640 1847 mirifice
661 1788 699 1846 ad
720 1807 788 1846 usus
809 1791 991 1848 necessarios
1009 1801 1041 1849 et
1061 1791 1127 1849 facti
1144 1799 1167 1848 et
1175 1808 1190 1848 u

121 1889 267 1947 conlocati
290 1899 364 1946 sunt.
408 1889 486 1946 Nam
509 1887 586 1944 oculi
610 1896 761 1961 tamquam
784 1888 984 1962 speculatores
1006 1890 1167 1947 altissimum

120 1988 220 2045 locum
244 1986 386 2057 obtinent,
408 2003 446 2042 ex
470 2003 529 2059 quo
553 1984 676 2058 plurima
702 1984 918 2058 conspicientes
942 1984 1102 2061 fungantur
1123 2002 1167 2044 suo

77 2099 114 2142 141
123 2102 242 2141 munere
254 2104 262 2155 ;
285 2092 314 2140 et
335 2101 427 2152 aures,
450 2100 519 2139 cum
540 2100 646 2139 sonum
667 2081 818 2156 percipere
841 2081 980 2154 debeant,
1003 2084 1054 2159 qui
1077 2092 1168 2141 natura

127 2178 190 2259 [in]
208 2181 330 2238 sublime
345 2181 440 2250 fertur,
456 2188 535 2236 recte
556 2179 587 2236 in
607 2179 671 2237 altis
692 2197 848 2253 corporum
870 2180 1001 2254 partibus
1019 2181 1168 2239 collocatae

123 2287 209 2349 sunt;
229 2278 358 2350 itemque
372 2293 457 2333 nares
470 2284 508 2346 et,
521 2273 602 2349 quod
616 2275 711 2332 omnis
726 2274 801 2333 odor
814 2274 853 2332 ad
867 2293 973 2350 supera
986 2276 1085 2349 fertur,
1099 2285 1168 2334 recte
1177 2293 1194 2321 υ

123 2393 235 2432 sursum
258 2382 377 2444 suntet,
393 2371 474 2446 quod
489 2372 546 2429 cibi
561 2381 591 2429 et
604 2372 732 2446 potionis
754 2371 895 2430 iudicium
916 2391 1059 2448 magnum
1080 2390 1168 2432 earum

124 2482 177 2541 est,
192 2489 253 2528 non
267 2471 329 2527 sine
344 2488 433 2526 causa
445 2469 623 2526 vicinitatem
637 2470 694 2527 oris
708 2479 826 2527 secutae
841 2479 916 2527 sunt.
959 2471 1025 2528 Iam
1039 2480 1168 2547 gustabis,

124 2569 174 2643 qui
188 2568 295 2626 sentire
311 2585 422 2638 eorum,
438 2566 542 2641 quibus
557 2566 708 2638 vescimur,
723 2584 832 2641 genera
845 2565 944 2639 debet,
959 2566 1074 2627 habitat
1093 2569 1123 2626 in
1141 2583 1170 2624 ea

124 2675 206 2740 parte
231 2665 297 2736 oris,
319 2683 377 2739 qua
401 2664 555 2721 esculentis
580 2673 610 2722 et
632 2664 789 2739 potulentis
817 2664 871 2721 iter
898 2672 1003 2722 natura
1029 2664 1169 2740 patefecit

124 2764 234 2820 Tactus
247 2771 346 2819 autem
360 2770 423 2819 toto
438 2779 560 2836 corpore
575 2761 763 2836 aequabiliter
776 2760 855 2818 susus
869 2769 922 2831 est,
937 2769 970 2818 ut
984 2779 1090 2821 omnes
1104 2762 1195 2820 ictuso

125 2877 287 2933 omnesque
302 2858 438 2916 minimos
452 2868 483 2916 et
496 2858 606 2933 frigoris
627 2868 657 2916 et
677 2859 780 2916 caloris
800 2857 939 2933 adpulsus
960 2860 1069 2918 sentire
1087 2857 1170 2935 possi-

126 2976 201 3015 mus
243 2958 339 3030 Atque
353 2965 386 3013 ut
400 2956 430 3014 in
449 2955 589 3014 aediliciis
611 2955 762 3014 architecti
782 2964 916 3013 avertunt
936 2956 974 3014 ab
997 2957 1092 3014 oculis
1105 2951 1170 3012 nari-

125 3055 239 3128 busque
254 3052 441 3111 dominorum
456 3071 500 3124 ea,
516 3071 591 3128 quae
606 3053 779 3128 profluentia
792 3052 959 3110 necessario
976 3052 1063 3111 taetri
1084 3059 1172 3111 essent

127 3150 237 3226 aliquid
251 3151 392 3224 habitura,
407 3151 449 3208 sic
464 3162 566 3209 natura
579 3168 625 3208 res
639 3150 738 3209 similis
752 3148 855 3224 procul
874 3148 1044 3207 amandavit
1058 3169 1076 3208 a
1089 3147 1171 3208 sensi·

83 3231 121 3338 154}
129 3249 191 3307 bus.
235 3249 308 3322 Quis
322 3267 391 3306 vero
413 3248 512 3323 opisex
532 3257 646 3322 praeter
665 3257 807 3317 naturam,
823 3265 882 3321 qua
902 3245 975 3303 nihil
995 3257 1095 3322 potest
1115 3261 1199 3304 essett

128 3345 268 3417 callidius,
283 3354 395 3403 tantam
410 3344 566 3402 sollertiam
580 3344 714 3418 persequi
729 3343 870 3418 potuisset
884 3342 914 3400 in
929 3343 1085 3402 sensibus?
1104 3359 1172 3419 quae

127 3443 254 3518 primum
269 3443 371 3500 oculos
386 3442 563 3499 membranis
583 3440 758 3498 tenuissimis
771 3440 886 3497 vestivit
907 3449 937 3497 et
959 3441 1068 3516 saepsit
1077 3462 1086 3514 3
1108 3455 1172 3516 quas

128 3540 255 3615 primum
275 3537 440 3614 perlucidas
455 3539 532 3608 fecit,
546 3547 579 3595 ut
592 3555 644 3612 per
658 3554 707 3594 eas
729 3537 808 3594 cerni
828 3546 937 3611 posset,
952 3536 1052 3595 firmas
1072 3547 1172 3605 autem,

128 3646 161 3694 ut
175 3636 411 3707 continerentur;
433 3633 486 3692 sed
506 3634 633 3692 lubricos
647 3633 748 3691 oculos
763 3634 833 3690 fecit
846 3642 876 3690 et
889 3632 1023 3704 mobiles
1038 3644 1071 3692 ut
1084 3644 1115 3692 et
1127 3631 1172 3691 de·

129 3733 278 3808 clinarent,
293 3730 403 3809 siquid
422 3739 553 3804 noceret,
567 3739 597 3788 et
617 3739 779 3807 aspectum,
794 3747 853 3808 quo
871 3729 987 3804 vellent,
1002 3729 1088 3790 facile
1108 3736 1200 3790 con-a
