2504 4170
263 274 264 278 Ἰ
288 304 357 353 LIB.
370 303 406 352 11.
438 303 500 353 cm.
514 306 607 357 XLIV.
640 304 805 366 §trra-114.
1014 298 1070 364 ΗΞ

51 479 81 520 tc
97 469 206 519 autem
222 458 377 534 aspicitur,

77 577 133 636 Ut
156 592 242 632 sese
266 571 470 631 ostendens
491 572 645 647 emergit
667 571 840 645 Scorpios
862 569 934 627 alte

82 671 311 731 Posteriore
333 668 480 727 trahens
502 671 648 744 plexum
669 669 702 726 vi
724 668 891 742 corporis
913 685 1050 740 arcum,

84 771 210 844 Quem
232 776 389 842 propter
410 767 531 824 nitens
553 766 677 840 pinnis
699 764 934 823 convolvitur
955 765 1054 822 Ales.

84 869 134 926 At
156 874 317 942 propter
337 881 374 921 se
395 863 527 938 Aquila
548 863 695 921 ardenti
716 881 795 920 curn
816 880 971 938 corpore
993 880 1076 939 por·

51 1044 130 1104 inde
147 1043 331 1118 Delphinus,
825 969 893 1018 tat·

90 1173 240 1233 Exinde
264 1173 383 1232 Orion
403 1172 555 1247 obliquo
576 1190 732 1248 corpore
753 1172 893 1230 nitens.

51 1326 111 1366 rem
126 1307 317 1380 subsequens

93 1436 280 1496 Fervidus
303 1433 366 1492 ille
388 1434 498 1494 Canis
520 1434 710 1493 stellarum
731 1434 812 1492 luce
834 1434 1010 1509 refulget.

52 1579 82 1629 st
98 1570 198 1644 Lepus
214 1567 407 1641 subsequitur

95 1698 337 1760 Curriculum
359 1716 551 1773 numquam
572 1696 720 1756 defesso
742 1715 897 1772 corpore
918 1694 1067 1754 sedans.

97 1796 272 1856 AtCanis
291 1794 336 1852 ad
358 1794 509 1852 caudam
530 1812 682 1869 serpens
704 1795 1078 1869 prolabiturArgO....

100 1897 207 1953 Hanc
230 1893 338 1950 Aries
360 1893 452 1967 tegit
473 1902 508 1949 et
529 1909 724 1967 squamoso
745 1909 900 1966 corpore
923 1890 1048 1948 Pisces

100 1990 285 2050 Fluminis
307 1989 454 2047 inlustri
475 1999 687 2064 tangentem
708 2006 863 2063 corpore
885 1988 998 2062 ripas.

51 2141 120 2182 uem
134 2123 222 2197 longe
237 2131 407 2196 serpentem
421 2131 451 2179 et
465 2131 632 2178 manantem
647 2120 771 2195 aspicies

518 2268 746 2326 proceraque
767 2250 899 2308 Vincla
917 2247 1079 2321 videbis,

104 2350 206 2425 Quae
247 2348 413 2408 retinent
445 2349 570 2407 Pisces
606 2348 803 2406 caudarum
837 2366 855 2404 a
889 2355 992 2421 parte
1028 2347 1079 2404 lo-

832 2454 973 2502 cata...

106 2542 198 2604 Inde
220 2544 349 2618 Nepae
371 2561 499 2601 cernes
519 2552 670 2618 propter
691 2541 868 2616 fulgentis
889 2559 1042 2599 acumen

106 2643 220 2712 Aram,
243 2658 349 2716 quam
370 2640 460 2698 flatu
482 2640 688 2715 permulcet
708 2640 861 2714 spiritus
883 2639 1013 2698 austri.

51 2759 206 2831 ropterque
221 2755 386 2814 Centaurus

108 2869 218 2929 Cedit
232 2868 328 2943 Equi
347 2869 462 2944 partis
483 2885 680 2943 properans
701 2867 923 2941 subiungere
939 2866 1081 2926 Chelis.

109 2966 180 3024 Hic
215 2964 382 3024 dextram
416 2983 590 3042 porgens,
626 2963 836 3040 quadrupes
878 2982 947 3037 qua
980 2975 1083 3021 vasta

831 3071 992 3132 tenetur,

107 3159 244 3219 Tendit
262 3167 299 3217 et
317 3159 509 3218 inlustrem
528 3157 761 3217 truculentus
781 3158 881 3216 cedit
900 3156 944 3214 ad
958 3159 1081 3230 Aram;

110 3251 179 3309 Hic
200 3267 283 3311 sese
304 3249 460 3308 infernis
481 3268 498 3308 e
520 3249 686 3325 partibus
708 3249 817 3323 erigit
839 3246 980 3324 Hydra,

51 3359 112 3422 mins
124 3364 211 3441 longe
226 3381 334 3440 corpus
349 3374 393 3423 est
407 3364 511 3435 iusum,

110 3479 150 3537 In
170 3476 370 3552 medioque
391 3478 472 3536 sinu
493 3478 637 3553 fulgens
659 3476 811 3534 Cratera
831 3477 988 3534 relucet.

110 3576 318 3636 Extremam
339 3575 460 3633 nitens
482 3576 644 3651 plumato
667 3591 821 3648 corpore
843 3573 982 3631 Corvus

109 3672 239 3733 Rostro
260 3670 397 3742 tundit,
420 3682 455 3730 et
476 3672 535 3729 hic
556 3670 720 3731 Geminis
746 3680 801 3727 est
822 3670 884 3726 ille
906 3663 970 3727 sub
991 3668 1082 3743 ipsis

108 3770 200 3833 Ante
220 3764 372 3841 Canem,
392 3769 560 3846 Προκύων
579 3767 690 3827 Graio
710 3767 770 3841 qui
791 3766 937 3824 nomine
955 3765 1082 3824 fertur.
