2504 4170
246 277 368 326 arari.
402 277 766 336 cmxxxvntxxxrx.
801 278 926 342 999599
1062 279 1121 343 109

47 449 134 490 orum
158 432 280 507 ignium
305 431 442 488 finitimas
466 432 599 507 regiones
622 432 819 490 obscuravisse
844 432 989 502 dicuntur,
1014 441 1046 489 ut
1071 451 1123 507 per

49 530 180 588 biduum
199 547 296 586 nemo
312 528 463 586 hominem
478 529 568 586 homo
583 539 763 603 agnosceret,
778 549 846 587 cum
861 541 958 586 autem
973 530 1058 587 tertio
1073 530 1121 586 die

52 628 96 685 sol
124 628 295 698 inluxisset,
317 635 380 684 tum
408 636 440 683 ut
464 627 600 684 revixisse
625 627 679 683 sibi
703 626 877 683 viderentur.
922 626 1036 699 Quodsi
1064 627 1121 683 hoc

54 725 134 782 idem
150 743 191 781 ex
207 725 337 782 aeternis
351 724 479 781 tenebris
493 724 684 798 contingeret,
700 732 730 780 ut
746 724 841 780 subito
862 723 956 780 lucem
979 725 1121 797 aspicere·

27 839 128 895 smus,
153 841 308 898 quaenam
330 823 445 897 species
466 822 538 878 caeli
559 821 726 878 videretur?
767 821 824 878 Sed
850 821 1025 878 adsiduitate
1050 823 1121 878 coti·

58 920 145 979 diana
183 929 215 978 et
253 919 467 977 consuetudine
502 918 653 976 oculorum
689 918 865 975 adsuescunt
900 919 989 975 animi
1026 937 1122 992 neque

58 1018 244 1076 admirantur
257 1035 357 1091 neque
371 1017 520 1090 requirunt
533 1016 659 1072 rationes
682 1033 780 1072 earum
801 1035 906 1085 rerum,
922 1034 993 1088 quas
1009 1035 1124 1090 semper

58 1116 169 1187 vident,
185 1113 315 1190 proinde
331 1114 413 1188 quasi
427 1113 539 1170 novitas
554 1132 608 1170 nos
627 1114 718 1186 magis
733 1131 820 1187 quam
843 1112 1013 1187 magnitudo
1028 1132 1123 1169 rerum

60 1213 169 1272 debeat
184 1211 226 1269 ad
248 1210 444 1286 exquirendas
458 1229 560 1267 causas
576 1211 711 1267 excitare.
755 1211 827 1282 Quis
843 1211 921 1266 enim
936 1211 1014 1266 hunc
1030 1210 1120 1267 homi·
1135 1224 1161 1266 ot

28 1329 50 1356 10
60 1330 126 1368 nem
142 1309 264 1379 dixerit,
277 1308 327 1382 qui
342 1326 410 1364 curn
425 1317 484 1364 tam
499 1318 594 1364 certos
609 1307 682 1365 caeli
696 1317 801 1378 motus,
817 1317 876 1364 tam
890 1319 967 1364 ratos
982 1318 1123 1364 astrorum

60 1407 180 1466 ordines
195 1416 320 1480 tamque
335 1405 410 1462 inter
424 1424 455 1461 se
470 1405 570 1462 omnia
590 1424 703 1461 conexa
724 1415 754 1461 et
775 1415 843 1478 apta
858 1404 968 1473 viderit,
985 1415 1073 1478 neget
1094 1405 1124 1461 in

61 1505 102 1563 his
118 1505 215 1562 ullam
238 1503 336 1560 inesse
359 1503 501 1559 rationem
525 1520 618 1577 eaque
642 1521 711 1559 casu
735 1503 796 1559 fieri
821 1502 908 1572 dicat,
924 1521 999 1575 quae
1014 1514 1123 1576 quanto

62 1602 187 1660 consilio
212 1610 360 1675 gerantur,
376 1600 454 1657 nullo
478 1600 600 1656 consilio
623 1599 745 1673 adsequi
768 1601 944 1673 possumus?
984 1602 1039 1667 An,
1055 1619 1124 1656 cum

61 1698 284 1757 machinatione
300 1696 429 1771 quadam
450 1697 560 1754 moveri
581 1696 690 1771 aliquid
707 1697 848 1766 videmus,
863 1709 894 1753 ut
915 1697 1077 1770 sphaeram,
1093 1706 1125 1753 ut

27 1820 50 1858 ιε
63 1797 158 1868 horas,
174 1805 208 1853 ut
223 1795 280 1852 alia
294 1795 446 1869 permulta,
462 1813 523 1852 non
538 1794 713 1866 dubitamus
729 1796 799 1868 quin
822 1795 868 1851 illa
891 1813 980 1868 opera
1002 1795 1058 1850 sint
1081 1813 1124 1850 ra-

62 1895 149 1953 tionis
163 1914 172 1966 ς
207 1911 277 1950 cum
305 1903 403 1949 autem
431 1893 573 1967 impeturn
598 1892 671 1949 cacli
696 1911 764 1948 cum
789 1892 951 1948 admirabili
976 1892 1123 1948 celeritate

63 1975 175 2050 moveri
197 1991 331 2065 vertique
354 1989 504 2047 videamus
527 1990 760 2047 constantissime
784 1990 991 2046 conficientem
1014 1989 1122 2045 vicissi-

63 2089 183 2148 tudines
199 2087 410 2145 anniversarias
425 2107 493 2144 curn
508 2106 623 2145 summa
643 2088 733 2144 salute
749 2098 777 2144 et
792 2087 1013 2143 conservatione
1028 2105 1125 2142 rerum

64 2188 209 2256 omnium,
225 2185 403 2256 dubitamus
418 2185 489 2258 quin
504 2203 539 2242 ea
553 2203 614 2241 non
629 2184 722 2241 solum
742 2186 852 2241 ratione
875 2183 953 2252 siant,
969 2183 1021 2239 sed
1037 2184 1124 2239 etiam

28 2283 221 2341 „excellenti
237 2282 395 2355 divinaque
409 2283 543 2339 ratione?
563 2283 632 2339 licet
653 2282 731 2338 enim
755 2283 811 2337 iam
834 2290 947 2336 remota
969 2281 1124 2337 subtilitate
1138 2297 1163 2337 se

65 2379 238 2456 disputandi
266 2378 359 2436 oculis
383 2379 513 2453 quodam
542 2379 633 2436 modo
661 2379 851 2452 contemplari
880 2377 1125 2451 pulchritudinem

65 2497 162 2536 rerum
183 2495 294 2546 earum,
316 2494 387 2550 quas
408 2476 506 2533 divina
525 2476 709 2552 providentia
729 2476 854 2533 dicimus
874 2476 1054 2531 constitutas.

72 2581 74 2584 ’
105 2577 151 2633 Ac
172 2573 320 2648 principio
342 2582 416 2630 terra
437 2575 570 2631 universa
592 2584 733 2642 cernatur,
756 2574 852 2630 locata
876 2573 905 2628 in
930 2572 1028 2628 media
1052 2571 1122 2628 scde
1131 2580 1168 2634 39

66 2671 178 2742 mundi,
196 2670 292 2728 solida
313 2679 343 2726 et
363 2671 484 2745 globosa
505 2681 535 2728 et
555 2670 685 2744 undique
708 2671 770 2744 ipsa
792 2672 821 2727 in
843 2688 906 2726 sese
929 2671 1045 2726 ruatibus
1068 2670 1125 2726 suis

29 2793 54 2830 25
68 2769 254 2845 conglobata,
270 2767 374 2824 vestita
394 2767 522 2834 floribus,
541 2768 647 2837 herbis
664 2769 822 2836 arboribus,
843 2767 979 2840 frugibus,
1001 2785 1125 2840 quorum

67 2868 200 2925 omnium
219 2864 399 2923 incredibilis
420 2865 576 2922 multitudo
599 2866 751 2922 insatiabili
773 2865 909 2921 varietate
932 2864 1124 2938 distinguitur.

66 2964 153 3022 Adde
169 2965 230 3020 huc
244 2962 369 3021 sontium
383 2963 493 3037 gelidas
509 2963 715 3036 perennitates,
732 2963 857 3035 liquores
878 2961 1043 3034 perlucidos
1064 2980 1124 3018 am-

66 3064 156 3134 nium,
172 3062 302 3135 riparum
316 3061 435 3117 vestitus
450 3061 645 3128 viridissimos
669 3059 873 3133 speluncarum
897 3076 1040 3114 concavas
1063 3057 1125 3113 alti-

66 3161 194 3231 tudines,
224 3177 361 3216 saxorum
388 3159 565 3232 asperitates,
595 3156 817 3231 inpendentium
853 3156 995 3211 montium
1030 3154 1124 3210 altitu-

29 3259 149 3323 sudines
173 3257 434 3330 inmensitatesque
456 3275 625 3330 camporum
637 3276 644 3326 3
667 3255 745 3311 adde
767 3255 855 3310 etiam
877 3252 1042 3309 reconditas
1065 3253 1125 3308 auri

64 3358 240 3434 argentique
266 3371 355 3411 venas
379 3354 579 3427 infinitamque
603 3353 662 3409 vim
688 3354 847 3409 marmoris.
893 3353 976 3424 Quae
1001 3367 1070 3404 vero
1096 3358 1124 3405 et
1138 3368 1162 3406 99

64 3475 153 3532 quam
178 3452 262 3511 varia
290 3469 399 3526 genera
425 3451 580 3509 bestiarum
605 3451 650 3507 vel
680 3452 808 3507 cicurum
832 3448 878 3505 vel
904 3448 1045 3504 seranrml
1075 3446 1124 3518 qui
1183 3513 1187 3521 Ι

62 3553 230 3613 volucrium
251 3549 348 3624 lapsus
364 3559 450 3622 atque
465 3553 585 3606 cantus!
608 3550 656 3622 qui
672 3547 821 3622 pecudum
836 3548 954 3619 pastus!
977 3560 1051 3616 quae
1065 3543 1125 3598 vita

62 3650 262 3711 silvestrium!
306 3645 386 3719 Quid
406 3647 463 3703 iam
484 3645 522 3704 de
544 3647 696 3704 hominum
717 3662 823 3719 genere
838 3642 957 3699 dicam?
977 3639 1026 3711 qui
1042 3639 1124 3711 qnasi

27 3773 50 3812 as
62 3750 193 3808 cultores
224 3754 317 3803 terrac
346 3743 493 3801 constituti
521 3761 586 3804 non
611 3743 755 3821 patiuntur
780 3758 845 3796 eam
869 3755 926 3793 nec
954 3735 1123 3791 inmanitate
