2504 4170
298 287 365 337 LIB.
377 288 412 337 II.
445 287 505 337 Car.
517 288 615 337 XLIII.
650 290 680 351 §§
696 300 816 353 107-111.
1025 292 1081 354 113

96 441 376 516 Arctophylax,
400 443 508 517 vulgo
536 443 597 518 qui
625 443 763 500 dicitur
791 463 870 501 esse
899 446 1048 513 Bootes,

98 539 211 613 Quod
242 539 349 614 quasi
376 540 512 598 temoni
540 539 752 597 adiunctam
787 559 872 615 prae
901 560 937 598 se
965 543 1083 616 quatit

831 640 941 695 Arctn
950 658 993 696 nr.

49 717 105 788 ein,
128 736 206 792 quae
230 727 402 791 sequuntur.
445 718 526 775 Huic
547 718 626 775 enim
648 719 734 775 Booti
1090 740 1127 780 110

396 849 520 906 subter
547 849 770 922 praecordia
797 850 870 907 fixa
896 849 1042 909 videtur

101 945 218 1003 Stella
247 944 387 1002 micans
414 945 542 1016 radiiS,
572 947 749 1003 Arcturus
783 947 931 1004 nornine
966 948 1080 1019 clarO,

49 1059 102 1117 rius
117 1060 247 1134 perd'bus
270 1058 402 1115 subiecta
421 1058 509 1116 sertur

101 1173 252 1247 Spicum
293 1171 445 1229 inlustre
484 1181 615 1230 tenens
653 1172 865 1246 splendenti
905 1193 1060 1249 corpore

829 1271 954 1346 Virgo,

49 1393 115 1459 tque
137 1385 178 1443 ita
199 1384 347 1442 dimetata
367 1383 447 1457 signa
467 1393 544 1456 sunt,
567 1393 599 1441 ut
621 1384 650 1441 ln
671 1385 756 1442 tantis
779 1385 1014 1459 discriptionibus
1036 1388 1124 1451 ‹li-ra

49 1481 89 1539 ina
107 1483 237 1541 sollertia
260 1490 413 1555 appareat:

103 1615 146 1671 Et
175 1623 287 1671 natos
317 1613 488 1670 Geminos
517 1613 653 1670 invises
682 1614 746 1670 sub
775 1626 885 1688 caput
913 1617 1028 1673 Arcti.

102 1711 305 1769 Subiectus
333 1709 474 1767 mediae
503 1719 557 1767 est
585 1711 741 1781 Cancer,
771 1712 1003 1787 pedibusque
1027 1726 1080 1772 te·

831 1821 936 1866 netur

104 1909 262 1981 Magnus
300 1904 372 1961 Leo
409 1905 600 1963 tremulam
634 1906 804 1980 quatiens
844 1925 859 1963 e
899 1927 1054 1982 corpore

830 2005 1023 2065 flammam.

49 2086 129 2160 uriga

103 2199 173 2258 Sub
202 2199 309 2256 laeva
328 2197 561 2256 Geminorum
590 2197 774 2257 obductus
802 2211 903 2274 parte
927 2201 1078 2260 seretur.

103 2296 310 2355 Adversum
334 2305 444 2370 caput
471 2295 554 2353 huic
582 2297 738 2353 Helicae
767 2298 977 2355 truculenta
1001 2311 1078 2356 tue·

832 2405 901 2453 tur.

104 2495 147 2550 At
175 2492 298 2565 Capra
325 2489 465 2547 laevum
493 2509 653 2548 umerum
681 2491 779 2548 clara
806 2493 965 2551 obtinet.

49 2625 109 2697 bm,
130 2643 208 2700 quae
229 2633 408 2698 sequuntur:

102 2758 237 2815 Verum
262 2755 353 2813 haec
377 2766 432 2814 est
456 2775 584 2831 magno
608 2767 717 2831 atque
739 2757 886 2814 inlustri
906 2759 1081 2833 ¹praedita

829 2856 948 2929 sign0,

102 2952 244 3012 Contra
272 2949 393 3008 Haedi
420 2951 589 3026 exiguum
616 2951 757 3009 iaciunt
784 2953 999 3011 mortalibus
1027 2955 1079 3028 ig·

828 3067 923 3107 nem.

49 3129 112 3188 'uius
133 3129 190 3189 sub
211 3125 340 3204 pedibus

101 3259 286 3334 Corniger
313 3268 367 3316 est
394 3257 516 3316 valido
545 3260 698 3317 conixus
729 3278 884 3334 corpore
913 3263 1067 3320 Taurus

49 3391 92 3450 ius
111 3401 205 3468 caput
224 3388 315 3447 stellis
334 3407 522 3464 conspersum
544 3399 587 3446 est
608 3390 824 3464 frequentibus:
1086 3406 1122 3448 111

100 3524 178 3581 Has
209 3519 345 3580 Graeci
373 3519 500 3577 stellas
529 3519 677 3595 Hyadas
706 3521 870 3578 vocitare
899 3526 1064 3593 suerunt,

49 3651 215 3733 rpluendo
226 3670 235 3723 3
265 3649 321 3706 ὕειν
345 3650 423 3708 enim
451 3660 495 3707 est
523 3650 637 3730 pluere]
670 3651 759 3709 nostri
788 3652 919 3724 imperite
949 3653 1077 3724 Suculas,

49 3752 99 3812 rasi
119 3771 140 3811 a
162 3749 258 3811 subus
280 3758 386 3820 essent,
404 3766 466 3806 non
488 3748 525 3808 ab
550 3748 688 3807 Imbribus
713 3747 887 3805 nominatae.
931 3749 1078 3806 Minorem
