2504 4170
333 263 399 314 Lm.
412 263 447 313 11.
480 264 772 315 cmxxvm-xxx.
807 265 837 330 ξς
853 265 942 330 effi.
1104 268 1160 314 ror

102 425 200 477 autem
217 417 347 476 deorum
361 427 405 476 est
419 419 544 493 optimus
558 419 698 494 idemque
713 419 888 479 castissimus
909 430 997 494 atque
1019 420 1163 480 sanctissi-

102 535 167 574 mus
192 516 441 591 plenissimusque
465 517 589 590 pietatis,
612 528 643 574 ut
666 535 717 574 eos
742 536 858 591 semper
881 536 962 593 pura,
985 519 1104 593 integra,
1120 520 1162 576 in-

103 623 244 688 corrupta
263 622 294 671 et
314 622 412 670 mente
432 623 461 670 et
480 631 553 671 voce
574 632 754 671 veneremur.
798 616 868 671 Non
893 616 973 671 enim
997 616 1163 691 philosophi

104 714 209 784 solum,
231 731 336 770 verum
358 713 446 769 etiam
469 714 592 770 maiores
615 714 705 771 nostri
728 715 961 788 superstitionem
985 733 1002 771 a
1025 716 1163 790 religione

73 825 86 866 s
104 819 323 884 separaverunt.
367 810 443 867 Nam
458 810 507 884 qui
523 819 600 867 totos
616 809 678 867 dies
697 811 891 884 precabantur
912 820 941 867 et
963 812 1162 883 immolabant,
1176 821 1201 863 72

105 917 136 964 ut
150 908 206 965 sibi
221 907 266 965 sui
281 907 362 965 liberi
385 907 551 982 superstites
570 917 676 978 essent,
692 909 951 982 superstitiosi
974 921 1041 967 sunt
1064 911 1163 985 appel-

105 1004 163 1075 lati,
179 1002 263 1078 quod
277 1021 388 1065 nomen
406 1005 497 1079 patuit
520 1014 623 1079 postea
645 1005 728 1061 latius
739 1025 747 1076 ;
769 1005 820 1079 qui
843 1015 941 1062 autem
964 1009 1072 1077 onmia,
1088 1026 1163 1081 quae

105 1101 145 1159 ad
166 1101 279 1159 cultum
305 1100 429 1160 deorum
453 1103 639 1176 pertinerent,
655 1101 808 1176 diligenter
829 1114 1017 1161 retractarent
1040 1115 1068 1161 et
1091 1116 1163 1162 tam-

106 1217 195 1274 quarn
218 1199 390 1273 relegerent,
415 1207 482 1256 sunt
506 1198 577 1255 dicti
601 1199 769 1274 religiosi
798 1219 834 1257 ex
861 1201 1028 1276 relegendo,
1049 1213 1080 1259 ut
1105 1203 1163 1259 ele-

69 1306 209 1372 zogantes
238 1313 276 1353 ex
304 1295 449 1370 eligendo,
475 1313 511 1353 ex
539 1296 688 1371 diligendo
718 1296 878 1372 diligentes,
903 1317 940 1355 ex
967 1300 1163 1374 intellegendo

106 1394 319 1469 intellegentes.
363 1393 419 1450 His
447 1394 525 1450 enim
550 1394 580 1450 in
604 1394 699 1451 verbis
724 1396 859 1453 omnibus
885 1396 959 1453 inest
983 1398 1025 1453 vis
1047 1396 1164 1471 legendi

106 1490 223 1562 eadem,
239 1509 315 1565 quae
331 1491 360 1548 in
374 1491 517 1566 religioso,
560 1491 606 1548 Ita
627 1492 735 1548 factum
750 1503 793 1549 est
808 1493 836 1550 in
852 1495 1049 1568 superstitioso
1071 1505 1100 1550 et
1120 1512 1164 1550 re-

106 1588 211 1664 ligioso
235 1589 358 1645 alterum
383 1588 442 1645 vitii
466 1607 583 1658 nomen,
609 1588 731 1645 alterum
753 1589 855 1647 laudis.
898 1593 942 1647 Ac
968 1591 1039 1648 mihi
1063 1590 1165 1648 videor

107 1687 175 1744 satis
198 1695 228 1743 et
251 1703 316 1744 esse
340 1685 422 1757 deos,
443 1696 472 1743 et
493 1686 592 1760 quales
614 1696 720 1757 essent,
742 1687 913 1745 ostendisse.

69 1808 94 1848 ις
148 1784 320 1841 Proximum
341 1793 394 1854 est,
409 1793 441 1840 ut
454 1783 580 1841 doceam
594 1782 718 1841 deorum
740 1785 922 1858 providentia
945 1786 1088 1843 mundum
1110 1776 1208 1882 all-27}

106 1881 271 1938 ministrari.
314 1882 440 1954 Magnus
457 1898 526 1938 sane
550 1881 631 1938 locus
647 1890 692 1963 est
714 1890 743 1937 et
765 1883 904 1952 avestriS,
921 1883 1017 1952 Cotta,
1033 1894 1162 1953 vexatus,

106 1997 142 2034 ac
164 1978 304 2035 nimirum
318 1978 470 2035 vobiscum
485 1996 573 2035 omne
596 1989 744 2034 certamen
767 1988 819 2036 est.
863 1981 940 2037 Nam
956 1981 1046 2051 vobis,
1061 1982 1163 2047 Vellei,

106 2076 203 2133 minus
226 2084 333 2131 notum
357 2084 410 2145 est,
435 2093 523 2149 quem
548 2073 587 2132 ad
613 2075 735 2132 modum
760 2075 890 2150 quidque
915 2077 1045 2149 dicatur;
1071 2089 1165 2135 vestra

107 2175 185 2230 enim
201 2173 300 2230 solum
321 2172 422 2247 legitis,
437 2181 531 2229 vestra
552 2156 664 2242 amatis,
681 2183 794 2231 ceteros
815 2193 904 2231 causa
926 2175 1074 2250 incognita
1095 2195 1164 2233 con-

70 2270 265 2328 nodemnatis.
307 2269 393 2326 Velut
408 2278 467 2326 ate
483 2270 548 2343 ipso
569 2269 706 2326 hesterno
722 2269 769 2326 die
790 2270 902 2327 dictum
926 2282 969 2329 est
991 2291 1080 2329 anum
1103 2274 1165 2330 sati-

105 2367 206 2425 dicam
221 2363 354 2441 πρόνοιαν
367 2383 386 2422 a
399 2366 502 2423 Stoicis
517 2366 626 2436 induci,
643 2365 672 2423 id
694 2377 738 2423 est
759 2368 980 2441 providentiam.
1023 2371 1113 2444 Quod
1129 2389 1165 2428 eo

105 2481 203 2522 errore
228 2461 335 2533 dixisti,
359 2463 428 2537 quia
450 2464 606 2521 existumas
632 2465 668 2521 ab
694 2464 727 2521 iis
752 2465 965 2540 providentiam
990 2467 1059 2542 fingi
1084 2470 1166 2542 quasi

105 2559 259 2637 quandam
274 2558 362 2617 deam
376 2561 558 2636 singularem,
573 2579 648 2635 quae
659 2560 813 2623 ¹mundum
835 2581 953 2620 omnem
976 2566 1118 2638 gubernet
1137 2576 1166 2623 et

105 2669 208 2734 regat;
231 2656 285 2715 sed
307 2656 338 2714 id
358 2659 488 2733 praecise
511 2658 624 2716 dicitur.
667 2659 717 2729 Ut,
733 2660 756 2716 si
771 2661 835 2733 quis
850 2660 930 2718 dicat
944 2662 1164 2720 Atheniensium
1179 2680 1204 2722 n

70 2785 94 2824 ης
106 2776 169 2814 rem
195 2755 345 2831 publicam
370 2756 492 2813 consilio
516 2757 585 2831 regi,
612 2756 687 2813 desit
712 2756 783 2813 illud
808 2759 970 2833 ‘Areopagi
982 2761 998 2830 ’‚
1021 2761 1071 2831 sic,
1098 2779 1165 2816 cum

107 2854 235 2912 dicimus
267 2851 451 2927 providentia
482 2853 626 2910 mundum
661 2853 862 2926 administrari,
892 2855 994 2914 deesse
1030 2858 1165 2915 arbitrato

108 2951 253 3008 ‘deorum
264 2952 292 3022 ’3
313 2950 400 3025 plene
415 2960 514 3008 autem
528 2962 557 3008 et
577 2952 707 3026 perfecte
729 2952 771 3009 sic
785 2953 844 3011 dici
866 2955 1048 3012 existimato:
1072 2956 1165 3030 provi-

107 3049 211 3107 dentia
235 3047 358 3105 deorum
385 3049 529 3107 mundum
555 3050 756 3108 administrari.
801 3052 846 3108 Ita
869 3053 958 3108 salem
986 3053 1082 3122 istum,
1106 3072 1165 3127 quo

109 3155 189 3203 caret
211 3154 308 3202 vestra
328 3146 417 3217 nati0,
440 3148 471 3203 in
495 3147 656 3204 inridendis
682 3148 766 3205 nobis
792 3149 913 3205 nolitote
939 3167 1120 3219 consumere,
1137 3160 1166 3206 et

70 3243 268 3313 30mehercle‚
284 3242 307 3300 si
330 3261 377 3300 me
400 3243 533 3315 audiatis,
548 3263 585 3301 ne
611 3245 800 3318 experiamini
824 3245 944 3320 quidem
956 3267 964 3317 ;
986 3265 1046 3303 non
1069 3246 1165 3316 decet,

108 3360 170 3398 non
195 3340 297 3397 datum
322 3351 374 3412 est,
389 3360 450 3399 non
475 3343 604 3416 potestis
648 3342 713 3399 Nec
730 3361 799 3400 vero
829 3344 886 3401 hoc
912 3344 941 3400 in
965 3353 994 3400 te
1019 3345 1164 3412 convenit,

110 3457 202 3496 unum
231 3438 360 3496 moribus
385 3438 554 3496 domesticis
577 3457 612 3496 ac
637 3448 801 3496 nostrorum
827 3440 978 3497 hominum
1004 3441 1165 3498 urbanitate

110 3536 252 3605 limatum,
268 3534 321 3591 sed
335 3554 404 3592 cum
418 3536 448 3592 in
465 3536 591 3609 reliquos
606 3546 723 3602 vestros,
740 3547 801 3592 tum
824 3537 853 3593 in
874 3555 942 3593 eum
966 3537 1100 3606 maxime,
1116 3538 1165 3610 qui

110 3633 166 3690 ista
193 3632 316 3707 peperit,
339 3631 490 3690 hominem
518 3634 579 3690 sine
606 3643 675 3703 arte,
701 3633 763 3690 sine
791 3634 900 3702 litteris,
922 3635 1107 3691 insultantem
1136 3636 1166 3691 in

72 3756 97 3798 33
111 3747 226 3802 omnes
241 3728 304 3787 sine
326 3730 461 3789 acumine
484 3732 553 3802 ullo,
568 3733 632 3792 siue
655 3729 837 3803 auctoritate,
855 3731 915 3789 sine
937 3730 1046 3803 lepore.
1089 3715 1211 3823 Dico37?
