2504 4170
127 272 187 335 118
452 285 501 335 nr
521 285 668 336 mrum
691 284 851 336 DEORUM.

121 440 219 516 figuris
233 439 424 498 animantium
439 449 469 498 et
483 458 574 515 quam
588 439 687 498 sollers
701 439 872 515 subtilisque
887 439 1047 520 discriptio
1061 443 1170 520 partium

122 555 270 613 quamque
291 537 468 595 admirabilis
489 537 598 595 fabrica
618 536 825 595 membrorum.
869 538 984 598 Omnia
1004 543 1094 613 enim,
1108 559 1169 616 quae

121 634 242 709 quidem
267 636 344 692 intus
369 635 481 692 inclusa
504 644 580 706 sunt,
605 635 645 692 ita
667 644 738 691 nata
761 644 849 709 atque
875 635 1040 695 ita-locata
1062 648 1134 709 sunt,
1146 647 1169 694 ut

121 733 192 789 nihil
207 750 307 790 eorum
322 749 573 806 supervacaneum
594 732 640 801 sit,
655 731 726 788 nihil
747 731 786 788 ad
800 732 890 790 vitam
911 734 1103 793 retinendam
1121 753 1169 794 nou

77 842 114 883 ιη
122 829 326 886 necessarium.
371 828 462 885 Dedit
480 839 578 886 autern
599 827 706 886 eadem
726 838 830 886 natura
849 829 946 888 beluis
963 841 995 888 et
1015 850 1131 890 sensum
1147 841 1188 888 ets

121 927 293 1000 appetitum,
309 935 340 983 ut
354 925 445 982 altero
460 936 599 983 conatum
619 924 761 983 haberent
781 924 820 983 ad
840 927 990 986 naturales
1012 938 1113 1004 pastus
1131 946 1168 986 ca·

121 1022 293 1099 pessendos,
308 1023 398 1081 altero
420 1032 607 1081 secernerent
625 1022 762 1098 pestilera
775 1040 794 1079 a
806 1022 990 1083 salutaribus.
1035 1026 1100 1085 Iam
1113 1043 1169 1084 vero

121 1120 177 1178 alia
190 1121 326 1178 animalia
339 1119 511 1195 gradiendo,
526 1120 583 1177 alia
596 1118 744 1194 serpendo
758 1119 797 1178 ad
814 1128 934 1195 pastum
951 1122 1112 1195 accedunt,
1126 1123 1169 1180 alia

119 1216 257 1289 volando,
280 1217 336 1275 alia
360 1216 469 1288 nando,
492 1218 650 1291 cibumque
673 1217 779 1293 partim
800 1216 858 1275 oris
882 1217 964 1277 hiatu
989 1228 1021 1278 et
1044 1219 1168 1278 dentibus

120 1315 190 1390 ipsis
218 1324 384 1390 capessunt,
410 1315 516 1388 partim
543 1314 684 1389 unguium
712 1314 869 1372 tenacitate
898 1316 1052 1390 arripiunt,
1077 1317 1191 1394 partium

121 1411 288 1469 aduncitate
323 1422 490 1481 rostrorum,
515 1411 571 1467 alia
605 1420 720 1486 sugunt,
746 1411 802 1469 alia
825 1422 961 1486 carpunt,
987 1414 1045 1472 alia
1068 1423 1167 1484 vorant,

121 1509 177 1567 alia
190 1509 333 1566 mandunt
343 1528 352 1581 ;
374 1519 462 1583 atque
477 1509 566 1565 etiam
587 1508 710 1566 aliomm
731 1526 767 1566 ea
788 1516 832 1567 est
852 1508 1012 1582 humilitas,
1028 1521 1060 1569 ut
1082 1513 1168 1570 cibum

77 1623 114 1665 123
120 1615 284 1664 terrestrem
298 1607 395 1663 rostris
411 1606 494 1663 lacile
511 1606 700 1680 contingant;
723 1623 799 1680 quae
815 1615 914 1664 autem
929 1608 1035 1666 altiora
1056 1619 1131 1681 sunt,
1143 1617 1168 1665 ut

120 1721 246 1774 anseres,
268 1713 300 1760 ut
322 1704 418 1778 cygni,
439 1714 471 1759 ut
493 1720 588 1777 grues,
611 1712 643 1760 ut
666 1703 780 1774 cameli,
805 1701 981 1762 adiuvantur
1004 1707 1167 1781 proceritate

121 1800 262 1859 collorum
274 1819 280 1869 ;
303 1818 407 1858 manus
421 1800 509 1857 etiarn
525 1799 594 1857 data
608 1800 765 1874 elephanto
780 1810 835 1871 est,
847 1801 917 1874 quia
931 1812 1055 1877 propter
1068 1803 1191 1879 magni-1⁵

77 1897 255 1955 latudinem
271 1898 400 1972 corporis
415 1896 549 1955 difficiles
563 1897 658 1955 aditus
676 1896 803 1955 habebat
823 1895 862 1954 ad
883 1908 1014 1972 pastum.
1057 1902 1097 1959 At
1116 1900 1167 1975 qui·

121 1994 175 2053 bus
195 1994 295 2052 bestiis
316 2002 377 2051 erat
398 1994 421 2051 is
442 1994 535 2064 cibus,
551 2003 583 2051 ut
604 1994 666 2051 aliis
692 1992 838 2072 [generis]
863 1994 965 2053 bestiis
979 2007 1166 2066 vescerentur,

121 2102 170 2150 aut
193 2093 268 2151 vires
293 2103 396 2149 natura
420 2091 502 2149 dedit
526 2101 577 2149 aut
601 2093 788 2150 celeritatem.
830 2092 910 2150 Data
932 2103 978 2152 est
1002 2095 1167 2170 quibusdam

122 2191 209 2248 etiam
224 2189 402 2247 machinatio
416 2189 562 2264 quaedam
577 2199 664 2264 atque
684 2189 817 2259 sollertia,
834 2199 866 2247 ut
887 2190 917 2247 in
939 2194 1086 2251 araneolis
1106 2193 1167 2250 aliae

122 2287 204 2361 quasi
224 2296 286 2344 rete
307 2295 418 2356 texunt,
434 2295 474 2356 ut,
489 2286 512 2344 si
534 2285 606 2360 quid
626 2285 790 2357 inhaeserit,
806 2286 974 2359 conficiant,
990 2289 1066 2347 aliae
1080 2299 1192 2347 autem¹⁰

122 2403 159 2442 ex
172 2384 323 2459 inopinato
337 2384 493 2441 observant
510 2391 547 2452 et,
563 2383 587 2443 si
608 2381 680 2457 quid
703 2381 814 2453 incidit,
829 2383 970 2457 arripiunt
991 2384 1085 2460 idque
1106 2403 1166 2445 con·

122 2490 248 2539 sumunt.
292 2481 364 2538 Pina
377 2497 446 2538 vero
466 2480 524 2554 (sic
545 2480 624 2537 enim
646 2480 761 2538 Graece
783 2479 903 2553 dicitiu)
923 2479 1042 2540 duabus
1063 2481 1167 2558 grandi-

122 2576 176 2635 bus
200 2578 299 2652 patula
323 2576 446 2634 conchis
471 2594 539 2634 cum
564 2594 653 2651 parva
681 2576 785 2650 squilla
811 2577 893 2651 quasi
918 2579 1095 2638 societatem
1118 2580 1181 2638 coit'

122 2672 312 2748 comparandi
328 2674 394 2744 cibi,
409 2673 517 2747 itaque,
533 2692 600 2731 curn
619 2673 751 2749 pisciculi
772 2674 851 2750 parvi
873 2675 902 2731 in
924 2677 1075 2736 concham
1096 2678 1167 2736 hian-

122 2779 182 2827 tem
196 2770 406 2840 innataverunt,
421 2779 483 2827 tum
498 2768 650 2827 admonita
664 2771 784 2844 squillae
799 2789 898 2829 morsu
915 2776 987 2846 pina
1009 2773 1193 2851 comprimite

122 2866 260 2924 conchas.
295 2868 342 2924 Sic
357 2865 553 2924 dissimillimis
567 2867 695 2925 bestiolis
710 2869 907 2925 communiter
921 2869 1006 2927 cibus
1021 2873 1167 2946 quaeritur.

78 2982 115 3024 nl
124 2964 158 3020 In
181 2981 241 3037 quo
264 2961 467 3020 admirandum
490 2972 543 3032 est,
564 2980 760 3037 congressune
784 2965 881 3039 aliquo
905 2965 981 3024 inter
1003 2984 1037 3025 se
1058 2987 1098 3026 an
1117 2969 1169 3026 iam

122 3060 191 3118 inde
205 3062 321 3119 abortu
336 3071 437 3119 natura
451 3061 515 3136 ipsa
529 3071 723 3136 congregatae
738 3062 804 3120 sint.
848 3063 900 3120 Est
914 3063 1004 3122 etiarn
1022 3065 1168 3124 admiratio

120 3175 182 3216 non
192 3157 270 3216 nulla
281 3157 311 3215 in
324 3157 423 3216 bestiis
434 3159 606 3233 aquatilibus
622 3159 664 3228 iis,
677 3175 752 3232 quae
767 3159 923 3234 gignuntur
933 3159 964 3217 in
975 3170 1072 3233 terra;
1088 3161 1171 3237 veluti

122 3254 262 3313 crocodili
283 3254 490 3329 fluviatilesque
512 3254 672 3312 testudines
694 3255 898 3330 quaedamque
919 3267 1074 3333 serpentes
1095 3267 1196 3319 ortae³⁰

121 3361 201 3410 extra
222 3370 338 3426 aquarn,
353 3352 437 3410 simul
458 3370 493 3409 ac
513 3353 639 3427 primum
660 3352 712 3409 niti
727 3362 858 3426 possunt,
873 3370 980 3427 aquam
995 3373 1169 3432 persequun-

121 3458 175 3507 tur.
222 3449 301 3523 Quin
330 3449 417 3506 etiam
445 3449 556 3506 anitum
584 3467 639 3506 ova
666 3450 777 3523 gallinis
802 3468 890 3524 saepe
915 3453 1111 3526 supponimus
1122 3475 1130 3526 ;
1154 3469 1169 3510 e

121 3546 226 3619 quibus
247 3545 317 3620 pulli
338 3546 393 3603 orti
414 3546 509 3619 primo
530 3546 644 3602 aluntur
665 3547 702 3603 ab
723 3547 756 3603 iis
777 3557 810 3604 ut
830 3566 848 3604 a
868 3547 1017 3620 matribus,
1033 3569 1052 3608 a
1071 3551 1169 3627 quibus

122 3641 231 3699 exclusi
258 3641 369 3716 fotique
397 3652 473 3712 sunt,
499 3641 608 3699 deinde
633 3661 682 3700 eas
709 3643 875 3717 relinquunt
902 3653 932 3701 et
959 3644 1104 3722 effugiunt
1130 3664 1170 3706 se-

121 3748 253 3814 quentes,
275 3757 344 3796 cum
367 3737 493 3814 primum
517 3757 624 3814 aquam
644 3740 727 3814 quasi
748 3742 909 3799 naturalem
929 3741 1054 3802 domum
1074 3742 1199 3805 vident
