2504 4170
127 272 171 353 96
457 285 506 334 oa
528 285 674 335 mrum
695 284 859 336 osorton.

80 447 117 502 22
164 443 244 498 Zeno
259 439 344 515 igitur
357 450 489 497 naturam
504 441 543 496 ita
558 439 668 509 defurit,
684 450 715 496 ut
729 457 795 496 eam
810 439 894 497 dicat
916 439 1020 516 ignem
1042 459 1105 501 esse
1123 441 1173 501 arti·

123 538 266 608 siciosunr,
283 537 321 594 ad
342 537 522 611 gignendum
544 537 779 611 progredientem
793 538 849 595 via.
896 540 1013 597 Censet
1031 542 1109 598 enim
1122 541 1173 598 artis

123 654 259 692 maxume
282 637 430 709 proprium
445 653 509 691 esse
525 653 623 690 creare
639 645 668 691 et
682 635 820 708 gignere,
843 636 992 710 quodque
1009 638 1040 694 in
1055 640 1174 713 operibus

121 743 283 790 nostrarum
299 734 403 789 artium
425 751 527 788 manus
546 731 661 799 efficiat,
677 730 707 787 id
729 731 820 787 multo
844 733 1037 792 artificiosius
1060 748 1174 792 naturam

122 831 246 900 efficere,
270 829 301 886 id
326 840 379 899 est,
402 840 433 885 ut
458 828 527 897 dixi,
549 828 647 901 ignem
666 828 864 898 artificiosum,
888 831 1066 905 magistrum
1087 834 1191 890 artiurnt

121 929 304 1001 reliquarum.
348 929 444 1000 Atque
460 926 514 982 hac
531 925 651 998 quidem
666 926 775 982 ratione
790 926 889 983 omnis
913 938 1020 985 natura
1035 931 1175 987 artificiosa

121 1036 173 1093 est,
189 1024 270 1098 quod
292 1024 379 1081 habet
394 1024 475 1097 quasi
491 1024 567 1079 riam
582 1022 729 1096 quandam
745 1032 773 1078 et
787 1033 912 1094 sectam,
928 1044 1022 1099 quam
1044 1039 1173 1103 sequatur.

82 1134 109 1175 ue
123 1123 218 1196 Ipsius
232 1140 302 1179 vero
317 1120 428 1189 mundi,
444 1121 494 1193 qui
515 1120 616 1176 omnia
633 1119 777 1192 conplexu
793 1137 848 1176 suo
862 1122 987 1180 coercet
1002 1135 1034 1182 et
1049 1127 1173 1195 continet,

121 1231 223 1276 natura
238 1237 297 1275 non
312 1218 465 1274 artificiosa
480 1217 583 1286 solum,
600 1215 653 1273 sed
668 1217 753 1290 plane
768 1217 872 1274 artifex
887 1220 927 1277 ab
942 1221 1056 1279 eodem
1070 1225 1173 1280 Zenone

121 1316 235 1386 (licitur,
251 1315 408 1373 consultrix
430 1325 459 1371 et
482 1313 604 1389 provida
628 1314 781 1370 utilitatum
803 1317 1103 1394 oportunitatumque
1124 1339 1195 1378 orn-¹·

120 1415 210 1470 nium.
264 1416 360 1487 Atque
396 1422 427 1469 ut
462 1422 576 1469 ceterae
612 1422 730 1468 naturae
765 1410 822 1467 suis
859 1414 1025 1474 seminibus
1054 1435 1174 1493 quaeque

120 1512 284 1585 gignuntur,
300 1520 469 1584 augescunt,
484 1509 679 1578 continentur,
695 1509 736 1565 sic
751 1518 854 1566 natura
875 1512 982 1570 mundi
1004 1516 1102 1573 omnis
1123 1533 1173 1573 mo

121 1618 166 1664 tus
191 1608 279 1665 habet
303 1607 479 1663 voluntarios
505 1616 685 1679 conatusque
711 1616 740 1663 et
765 1603 976 1681 adpetitiones,
1000 1629 1076 1685 quas
1099 1612 1173 1688 ὁρμάς

121 1706 226 1761 Graeci
252 1714 367 1768 vocant,
394 1714 422 1760 et
451 1704 495 1760 lris
523 1714 735 1760 consentaneas
763 1703 896 1761 actiones
926 1707 970 1763 sic
999 1709 1130 1781 adhibet,
1151 1719 1175 1767 ut

119 1815 234 1858 nosmet
251 1803 313 1876 ipsi,
329 1802 377 1874 qui
393 1802 495 1857 animis
511 1820 662 1857 movemur
675 1812 705 1858 et
720 1801 861 1858 sensibus.
905 1803 986 1863 Talis
1002 1807 1090 1881 igitur
1103 1822 1195 1865 mensu

120 1898 221 1955 mundi
238 1918 306 1955 cum
321 1899 356 1954 sit
371 1899 410 1954 ol)
425 1917 549 1972 eamque
564 1917 683 1955 causam
698 1898 742 1954 vel
757 1896 916 1972 prudentia
929 1902 977 1959 vel
998 1905 1174 1977 providentia

120 1996 257 2070 appellari
272 2006 350 2051 recte
366 1996 456 2069 possit
476 1998 605 2063 (Graece
621 1995 700 2051 enim
715 1995 829 2069 πρόνοια
844 1994 983 2072 dicitur),
1000 2000 1078 2059 haec
1095 2003 1173 2078 potis

119 2093 225 2149 simum
240 2091 374 2167 providet
388 2102 417 2148 et
432 2093 460 2148 in
479 2091 523 2148 lris
538 2092 663 2148 maxime
679 2101 723 2148 est
737 2103 892 2166 occupata,
909 2096 1039 2169 primum
1055 2111 1087 2157 ut
1102 2118 1173 2157 ruun-

119 2189 174 2248 dus
189 2209 277 2264 quam
299 2190 463 2263 aptissimus
485 2189 520 2245 sit
543 2187 581 2245 ad
604 2188 846 2264 permanendum,
862 2191 974 2252 deinde
998 2205 1032 2253 ut
1055 2199 1174 2255 nullate
1213 2230 1215 2273 Ι

118 2298 212 2361 egeat,
236 2305 372 2344 maxume
395 2298 492 2343 autern
516 2286 599 2343 utin
622 2305 659 2343 eo
684 2287 791 2343 eximia
815 2288 1007 2362 pulchritudo
1034 2296 1072 2353 sit
1096 2308 1215 2371 atque»,

118 2386 215 2442 omnis
237 2395 363 2442 ornatus

75 2466 113 2574 ἓξ
162 2484 282 2539 Dictum
304 2492 348 2538 cst
362 2481 399 2538 de
415 2481 549 2538 universo
570 2480 691 2552 mundo,
708 2481 931 2545 dietum.etiam
953 2498 999 2547 est
1021 2490 1062 2549 de
1085 2491 1174 2551 sideri·

118 2580 181 2650 bus,
197 2589 229 2637 ut
243 2580 300 2636 iarn
322 2597 414 2653 prope
437 2578 558 2635 modum
582 2590 721 2652 appareat
744 2581 899 2639 multitudo
923 2604 982 2644 nec
1006 2592 1176 2649 cessantium

118 2676 242 2734 deorum
257 2695 371 2746 necea,
387 2694 461 2749 quae
477 2686 573 2750 agant,
588 2677 770 2734 molientium
791 2698 860 2735 cum
881 2681 984 2741 labore
1005 2705 1134 2762 operoso
1147 2706 1176 2746 ac

118 2775 253 2832 molesto.
296 2775 366 2831 Non
381 2774 459 2830 enirn
474 2773 556 2830 venis
571 2782 600 2830 et
615 2775 709 2831 nervis
731 2786 760 2832 et
780 2777 894 2835 ossibus
916 2783 1110 2844 continentur
1127 2800 1200 2845 neca

119 2872 153 2929 iis
168 2872 242 2929 escis
256 2881 306 2929 aut
320 2871 488 2945 potionibus
503 2881 668 2942 vescuntur,
684 2882 715 2929 ut
736 2883 786 2930 aut
808 2875 893 2932 nimis
915 2895 1001 2939 acres
1023 2893 1077 2941 aut
1098 2884 1176 2941 nimis

118 2979 274 3026 concretos
297 2988 413 3026 umores
436 2969 593 3043 conligant,
615 2988 673 3026 nec
695 2971 729 3028 iis
753 2973 923 3046 corporibus
947 2986 1025 3050 sunt,
1044 2989 1078 3039 ut
1099 2998 1176 3039 casus

117 3076 169 3123 aut
198 3067 270 3123 ictus
299 3066 490 3122 extimescant
518 3076 568 3122 aut
596 3068 715 3125 morbos
744 3078 875 3126 metuant
903 3089 942 3129 ex
970 3073 1176 3153 defetigatione

118 3164 315 3221 membrorum
327 3183 336 3234 ;
358 3181 432 3236 qnae
447 3181 550 3221 verens
563 3164 707 3238 Epicurus
721 3184 960 3241 monogrammos
975 3170 1053 3232 deos
1068 3185 1099 3234 et
1113 3174 1178 3235 nihil

79 3274 107 3314 ao
119 3273 237 3335 agentes
253 3270 436 3317 commentus
452 3270 504 3318 est.
547 3261 591 3318 Illi
606 3272 704 3320 autem
725 3264 917 3338 pulcherrima
939 3267 1036 3327 forma
1058 3272 1205 3348 praeditis

117 3358 328 3432 purissimaque
343 3357 373 3413 in
387 3358 506 3431 regione
522 3358 594 3414 caeli
610 3361 744 3417 collocati
767 3361 806 3418 ita
827 3361 956 3420 seruntur
976 3367 1176 3429 moderantur·

119 3473 175 3528 que
201 3473 310 3524 cursus,
336 3464 367 3510 ut
391 3453 430 3511 ad
455 3455 555 3511 omnia
583 3457 783 3515 conservanda
807 3469 836 3516 et
859 3459 970 3518 tuenda
994 3468 1177 3528 consensisse

117 3551 279 3610 videantur.

160 3651 272 3706 Multae
296 3659 395 3706 autern
422 3650 494 3707 aliae
523 3658 642 3708 naturae
671 3652 793 3710 deorum
821 3671 857 3711 ex
884 3656 999 3730 magnis
1026 3634 1178 3721 benefida

119 3763 221 3802 eorum
235 3764 296 3803 non
310 3746 372 3802 sine
390 3765 477 3804 eausa
491 3757 521 3803 et
535 3764 553 3802 a
567 3746 708 3806 Graeciae
731 3750 947 3825 sapientissimis
968 3763 1000 3812 et
1020 3774 1041 3815 a
1063 3758 1206 3823 maiori-1
