2504 4170
336 278 403 327 rra.
415 278 450 328 11.
486 278 757 331 ciaxnv-xrvu.
790 279 954 345 §5115-121.
1109 278 1170 346 117

101 431 204 492 stellae
221 440 316 506 atque
332 431 428 490 omnis
442 431 543 490 aether
562 430 721 491 refundunt
742 431 848 491 eadem
869 443 899 491 et
919 451 1033 491 rursum
1054 432 1171 492 trahunt

102 529 254 600 indidem,
277 529 353 587 nihil
373 539 404 587 ut
426 529 484 587 fere
506 529 628 587 intereat
650 540 701 588 aut
724 529 886 588 admodum
907 529 1066 605 paululum,
1089 530 1171 606 quod

104 636 253 685 astrorum
273 625 350 700 ignis
372 635 401 683 et
423 625 546 684 aetheris
566 626 685 685 flamma
705 628 861 685 consumit.
906 629 952 684 Ex
969 645 1030 702 quo
1051 637 1170 686 eventu·

104 742 171 781 rum
186 722 281 781 nostri
295 731 402 797 putant
414 721 455 794 id,
470 721 509 780 de
524 741 583 797 quo
598 724 770 781 Panaetium
785 723 958 782 addubitare
975 724 1123 797 dicebant,
1138 735 1170 783 ut

75 834 88 873 s
106 818 146 878 ad
160 829 332 877 extremum
346 819 441 877 omnis
456 818 582 878 mundus
596 821 769 895 ignesceret‚
784 839 854 878 cum
870 839 971 879 umore
993 832 1170 898 consumpto

107 934 207 992 neque
221 925 301 974 terra
315 916 353 973 ali
366 925 466 991 posset
479 934 536 975 nec
549 926 693 976 remearet
713 918 773 989 aet,
788 918 870 976 cuius
891 928 971 976 ortus
991 937 1068 994 aqua
1087 920 1171 978 omni

108 1013 253 1072 exhausta
274 1031 341 1070 esse
362 1029 423 1070 non
443 1022 561 1088 posset;
582 1014 623 1072 ita
642 1013 766 1088 relinqui
791 1013 863 1071 nihil
887 999 1001 1090 praeter
1023 1017 1130 1090 ignem,
1151 1035 1171 1074 a

108 1129 170 1186 quo
184 1128 301 1168 rursum
315 1109 464 1167 animante
477 1127 513 1166 ac
527 1109 586 1168 deo
600 1110 751 1168 renovatio
766 1109 868 1168 mundi
882 1111 965 1170 fieret
979 1122 1066 1186 atque
1088 1112 1169 1171 idern

109 1217 230 1268 ornatus
257 1215 399 1265 oreretur.
446 1205 526 1264 Nolo
552 1207 584 1264 in
617 1206 764 1266 stellarum
798 1208 910 1266 ratione
944 1208 1052 1268 multus
1086 1211 1214 1268 vobisne

74 1323 99 1353 ιο
109 1304 211 1377 videri,
233 1302 423 1378 maximeque
443 1320 551 1373 earum,
568 1322 644 1379 quae
665 1323 759 1362 errare
780 1303 935 1379 dicuntur;
963 1324 1085 1381 quarum
1106 1317 1169 1365 tan-

110 1412 157 1461 tus
181 1410 227 1461 est
255 1409 422 1459 concentus
449 1417 487 1458 ex
513 1400 709 1459 dissimillimis
737 1403 874 1474 motibus,
898 1413 939 1475 ut,
963 1422 1031 1461 cum
1056 1422 1171 1462 summa

111 1499 227 1560 Saturni
246 1499 407 1573 refrigeret,
427 1496 527 1556 media
547 1499 649 1557 Martis
673 1498 822 1571 incendat,
845 1499 889 1558 his
918 1501 1070 1558 interiecta
1091 1501 1170 1560 Iovis

111 1597 244 1655 inlustret
273 1604 304 1653 et
332 1603 477 1670 temperet
505 1594 636 1670 infraque
658 1597 785 1655 Martem
806 1596 882 1655 duae
911 1598 969 1656 Soli
998 1597 1169 1671 oboediant,

111 1695 173 1769 ipse
196 1694 248 1753 Sol
269 1690 416 1751 mundum
438 1709 558 1751 omnem
581 1711 634 1751 sua
655 1693 721 1751 luce
741 1695 888 1768 compleat
909 1695 947 1752 ab
968 1712 1064 1769 eoque
1086 1697 1170 1754 Luna

78 1809 100 1848 ιε
112 1791 285 1850 inluminata
312 1787 497 1865 graviditates
525 1798 555 1847 et
581 1799 679 1865 partus
707 1789 818 1849 adferat
845 1792 1083 1868 maturitatesque
1107 1794 1169 1869 gig·

112 1886 213 1946 nendi.
256 1887 343 1962 Quae
358 1886 508 1961 copulatio
528 1905 623 1945 rerum
644 1897 674 1945 et
695 1889 778 1963 quasi
798 1889 986 1947 consentiens
1007 1888 1046 1946 ad
1067 1889 1169 1948 mundi

112 1985 348 2045 incolumitatem
370 1985 590 2059 coagmentatio
616 1994 735 2043 naturae
765 2004 854 2060 quem
881 2005 942 2045 non
956 1995 1065 2058 movet,
1087 1986 1167 2045 hunc

113 2083 219 2142 horum
233 2081 307 2139 nihil
320 2098 460 2155 umquam
475 2082 653 2156 reputavisse
669 2092 750 2141 certo
765 2083 837 2141 scio.

121 2214 124 2219 .
151 2183 229 2256 Age,
242 2188 276 2236 ut
289 2196 308 2236 a
321 2178 494 2237 caelestibus
507 2179 594 2237 rebus
608 2178 647 2237 ad
661 2189 807 2238 terrestres
821 2181 981 2251 veniamus,
994 2179 1066 2255 quid
1081 2191 1125 2239 est
1139 2157 1215 2265 inff⁰

83 2299 104 2327 ω
113 2278 166 2349 his,
181 2278 214 2336 in
228 2294 289 2352 quo
303 2293 365 2334 non
379 2284 498 2334 naturae
512 2277 586 2335 ratio
607 2277 799 2353 intellegentis
820 2279 981 2353 appareat?
1022 2280 1170 2354 Principio

114 2393 227 2447 eorum,
243 2391 320 2449 quae
341 2373 498 2448 gignuntur
517 2391 534 2431 e
555 2383 638 2446 terra,
654 2375 756 2450 stirpes
777 2385 808 2433 et
828 2377 1013 2435 stabilitatem
1033 2375 1104 2434 dant
1126 2377 1169 2449 iis,

114 2491 189 2549 quae
218 2471 372 2542 sustinent,
400 2480 430 2528 et
455 2489 473 2529 e
501 2480 576 2529 terra
602 2490 706 2530 sucum
733 2471 858 2545 trahunt,
887 2492 947 2549 quo
981 2473 1094 2531 alantur
1126 2492 1169 2546 ea,

114 2588 190 2646 quae
214 2567 364 2626 radicibus
388 2568 583 2640 continentur,
608 2567 856 2644 obducunturque
881 2570 954 2628 libro
982 2579 1032 2628 aut
1061 2571 1170 2629 cortice

113 2665 220 2738 trunci,
244 2683 305 2740 quo
327 2665 385 2722 sint
406 2683 424 2722 a
445 2665 597 2740 frigoribus
619 2675 648 2723 et
671 2667 814 2725 caloribus
839 2667 968 2725 tutiores.
1013 2668 1077 2726 Iam
1100 2686 1171 2727 vero

81 2786 102 2828 ις
113 2764 187 2822 vites
202 2763 246 2820 sic
260 2761 407 2820 claviculis
420 2760 599 2820 adminicula
619 2771 769 2837 tamquam
790 2764 923 2822 manibus
945 2763 1171 2839 adprehendunt

113 2870 204 2936 atque
225 2859 267 2917 ita
287 2876 320 2916 se
342 2858 464 2934 erigunt,
478 2868 510 2917 ut
531 2859 702 2918 animantes.
746 2860 932 2933 Quinetiam
954 2879 972 2917 a
992 2861 1132 2934 caulibus,
1147 2863 1171 2920 si

113 2966 236 3034 propter
250 2955 305 3014 sati
319 2954 386 3028 sint,
400 2965 432 3013 ut
445 2974 464 3014 a
475 2955 619 3031 pestiferis
634 2954 666 3015 ¹et
686 2958 861 3016 nocentibus
882 2959 1013 3032 refugere
1035 2958 1173 3016 dicuntur

112 3073 172 3114 nec
195 3070 249 3113 eos
270 3053 331 3111 ulla
350 3070 387 3110 ex
409 3062 490 3128 parte
519 3052 699 3128 contingere.
740 3055 939 3112 Animantium
964 3072 1033 3112 vero
1062 3064 1215 3130 quantam

112 3151 238 3210 varietas
253 3159 308 3221 est,
322 3158 431 3224 quanta
451 3147 490 3207 ad
511 3167 577 3206 eam
598 3167 660 3207 rem
674 3151 726 3222 vis,
741 3161 774 3209 ut
794 3151 824 3208 in
845 3169 899 3209 suo
914 3169 1047 3226 quaeque
1064 3169 1172 3226 genere

74 3249 308 3325 „permaneatl
350 3245 482 3320 Quarum
503 3246 576 3304 aliae
598 3248 684 3306 coriis
706 3257 800 3306 tectae
822 3258 897 3319 sunt,
913 3248 986 3306 aliae
999 3247 1072 3305 villis
1087 3248 1172 3306 vesti-

113 3355 170 3417 tae,
195 3345 271 3404 aliae
295 3342 386 3418 spinis
407 3342 533 3401 hirsutae
545 3363 553 3414 ;
581 3343 681 3418 pluma
703 3345 780 3415 alias,
804 3346 873 3403 alias
896 3363 1018 3419 squama
1039 3344 1172 3403 videmus

114 3442 271 3513 obductas,
288 3439 359 3497 alias
373 3457 437 3497 esse
453 3440 591 3498 cornibus
612 3451 745 3513 armatas,
761 3441 831 3500 alias
852 3441 960 3499 habere
982 3441 1088 3516 effugia
1108 3441 1172 3516 pin-

113 3558 225 3599 narum.
271 3539 392 3596 Pastum
416 3546 515 3595 autem
540 3537 735 3597 animantibus
759 3538 837 3613 large
866 3550 895 3596 et
923 3540 1043 3613 copiose
1072 3548 1175 3595 natura

113 3654 189 3712 eum,
203 3636 259 3714 qui
279 3633 391 3707 cuique
411 3643 496 3710 aptus
518 3643 588 3705 erat,
608 3636 796 3711 comparavit.
841 3637 1020 3693 Enumerare
1041 3653 1173 3710 possum,

76 3734 150 3799 aad
174 3753 249 3797 eum
279 3739 400 3808 pastum
427 3729 642 3807 capessendum
671 3731 948 3807 conficiendumque
976 3749 1052 3807 quae
1080 3731 1116 3789 sit
1143 3731 1174 3789 in
