2504 4170
463 308 513 359 DE
533 308 680 361 NATURA
700 308 862 361 DEORUM.

486 625 844 708 FRAGMENTA

240 825 293 877 EX
318 824 433 878 LIBRO
459 825 512 877 DE
536 824 701 879 NATURA
725 824 896 879 DEORUM
922 825 1079 878 TERTIO.

180 1001 203 1038 1.
232 983 368 1039 Laetant.
383 982 450 1039 inst.
466 982 524 1039 d'o.
538 981 582 1051 II,
592 995 626 1053 3,
641 996 680 1038 2:
699 980 888 1055 Intellegebat
908 981 1010 1039 Cicero
1019 980 1101 1055 falsa
1113 997 1165 1050 esse,

135 1098 210 1154 qnae
230 1079 360 1135 leonn'nes
381 1079 549 1135 adorarent.
591 1077 676 1136 Nam
697 1096 762 1135 enm
784 1079 879 1134 rnnlta
901 1079 1031 1150 (animet,
1052 1097 1119 1153 qnae
1136 1075 1169 1133 ol

133 1177 307 1233 eversionem
330 1177 500 1249 religionum
522 1177 661 1247 valerent,
679 1177 726 1233 ait
743 1183 842 1233 tamen
863 1192 927 1233 non
948 1194 1014 1234 esse
1035 1176 1080 1233 illa
1097 1175 1164 1248 vulgo

135 1272 320 1347 disputanda,
348 1290 386 1330 ne
415 1281 564 1348 susceptas
593 1271 709 1347 publice
740 1271 896 1346 religiones
933 1271 1088 1348 disputatio
1117 1269 1165 1328 alis

134 1370 307 1443 exstinguat.

177 1486 202 1523 2.
231 1467 367 1524 Lactant.
388 1468 455 1524 inst.
479 1467 536 1524 mo.
557 1465 601 1537 II,
621 1464 649 1536 8,
671 1480 729 1524 10:
754 1465 853 1524 Cicero
875 1466 911 1522 de
933 1473 1045 1523 natara
1068 1467 1162 1523 deornn

133 1565 287 1638 deputam
307 1565 348 1620 sic
368 1564 429 1620 ait:
452 1564 581 1621 Primum
602 1563 687 1637 igitur
707 1580 768 1620 non
789 1572 834 1620 est
854 1562 1007 1637 probabile
1033 1581 1094 1620 eam
1116 1577 1160 1618 ma·

134 1661 235 1718 teriam
255 1678 361 1731 rerum,
382 1659 462 1718 unde
484 1670 547 1717 orta
568 1669 635 1718 sunt
656 1659 764 1730 omnia,
786 1677 851 1717 esse
877 1658 979 1717 divina
1005 1655 1161 1735 providentia

133 1757 278 1827 effectam,
300 1756 353 1814 sed
375 1756 482 1814 habere
504 1766 533 1813 et
554 1756 688 1814 habuisse
710 1757 769 1814 vim
794 1766 824 1813 et
851 1766 987 1814 naturam
1014 1775 1099 1814 suam.
1131 1753 1160 1811 Ut

133 1855 219 1929 igitur
232 1855 321 1925 saber,
333 1872 401 1911 cum
416 1853 488 1927 quid
502 1853 707 1911 aedificaturus
722 1863 775 1925 est,
791 1871 852 1910 non
867 1853 931 1928 ipse
947 1854 1015 1911 facit
1028 1851 1158 1917 materiam,

133 1951 187 2009 sed
201 1970 237 2008 ea
251 1952 346 2021 utitur,
362 1969 437 2025 quae
459 1952 495 2007 sit
516 1960 624 2026 parata,
642 1951 783 2025 fictorque
806 1951 878 2008 item
900 1969 978 2023 cera,
993 1951 1035 2008 sic
1054 1949 1095 2007 isti
1110 1962 1157 2022 pro·

132 2048 279 2105 videmiae
300 2047 415 2105 divinae
437 2048 588 2104 materiam
609 2057 725 2121 praesto
759 2064 823 2104 esse
852 2048 991 2121 oportuit,
1012 2065 1079 2104 noa
1093 2057 1156 2119 quam

133 2145 195 2219 ipse
211 2145 327 2215 faceret,
342 2143 396 2201 sed
410 2163 500 2219 quam
514 2143 633 2201 haberet
650 2153 790 2218 paratam.
834 2143 952 2216 Quodsi
966 2162 1027 2202 non
1040 2153 1080 2200 est
1091 2136 1155 2198 adeo

133 2242 254 2298 materia
274 2240 359 2312 facta,
381 2258 419 2297 ne
440 2249 515 2297 terra
535 2239 656 2314 quidem
679 2249 708 2296 et
730 2258 806 2314 aqua
826 2249 856 2296 et
876 2240 927 2298 aer
948 2249 979 2298 et
999 2240 1068 2316 ignis
1086 2232 1155 2295 adeo

132 2338 226 2395 factus
241 2346 293 2395 est.

174 2455 201 2510 3.
230 2435 315 2492 Maii
326 2441 391 2492 vett.
406 2435 525 2509 interpr.
547 2433 622 2507 Virg.
632 2442 665 2508 p.
680 2448 735 2506 515,⁴
750 2433 793 2490 ed.
812 2432 895 2490 Med.
919 2435 1005 2509 apud
1023 2433 1153 2491 Ciceronem

133 2533 167 2588 de
182 2540 292 2589 natura
307 2532 425 2588 deornm
440 2531 463 2587 I
462 2531 495 2602 Τ,
511 2531 563 2588 nbi
575 2532 608 2586 de
628 2530 777 2588 Cleomene
790 2530 1024 2589 Lacedaemonio
1044 2574 1051 2587 .
1071 2572 1079 2586 .
1097 2569 1103 2584 .

177 2626 221 2705 [4.
250 2628 406 2685 Deonzedes
420 2628 446 2698 l,
454 2637 487 2703 p.
498 2643 573 2699 313,
589 2642 637 2699 10,
652 2627 731 2684 Keil.
778 2626 879 2684 Cicero
893 2628 929 2684 de
942 2629 1060 2686 deornm
1073 2627 1154 2682 mmo

133 2728 233 2783 tertz'o:
252 2724 386 2783 homines
401 2726 539 2784 omnibus
553 2724 653 2783 bestiis
667 2723 856 2782 antecedunt.
898 2724 980 2800 (Vid
988 2727 1023 2782 de
1036 2722 1079 2800 off
1091 2718 1155 2790 ΜΟ,

133 2820 239 2899 105·)]

443 2949 495 3002 ax
521 2949 646 3002 mes
673 2947 867 3002 memus.

175 3104 202 3164 5.
231 3087 312 3146 Sero.
329 3087 374 3144 ad
390 3087 469 3161 Verg.
484 3088 557 3144 Aen.
573 3087 634 3157 III,
650 3086 729 3159 284:
756 3087 870 3144 Tallias
884 3088 916 3145 in
931 3088 1008 3147 libro
1027 3089 1060 3146 de
1076 3085 1160 3143 natm
1198 3062 1200 3069 Ι

134 3186 253 3242 deornm
268 3184 322 3241 tria
334 3183 413 3241 milia
427 3202 569 3241 annorum
586 3185 666 3242 (cinit
678 3201 818 3259 magnum
832 3202 943 3241 annum
958 3195 1066 3243 tenere.
1144 3264 1148 3275 1

177 3278 222 3358 [6.
251 3280 332 3339 Sero.
347 3280 392 3337 ad
408 3280 485 3354 Verg.
500 3283 575 3338 Aen.
591 3281 651 3352 III,
667 3277 745 3339 600:
771 3281 870 3338 Cicero
890 3281 1050 3355 spiritabile
1067 3273 1131 3337 dail
1138 3277 1163 3323 Μ

133 3379 216 3435 libris
230 3379 264 3434 de
278 3379 398 3434 deornm
414 3386 534 3435 natura.
582 3376 666 3454 (Vid.
680 3378 722 3436 N.
737 3373 988 3457 D.Jl,o‚18.)]
1162 3451 1167 3461 Ι

179 3471 223 3551 [7.
252 3474 333 3532 Sero.
348 3474 393 3530 ad
409 3473 487 3548 Verg.
503 3475 578 3532 Aen.
595 3474 642 3545 VI,
657 3474 735 3550 894:
754 3475 814 3532 Per
825 3483 947 3550 portam
963 3491 1094 3534 corneam
1107 3455 1159 3526 llll

134 3570 344 3646 significantur,
369 3572 421 3645 qni
441 3579 471 3629 et
492 3571 592 3629 comei
616 3579 687 3628 saort
708 3581 739 3629 et
759 3573 892 3629 duriores
917 3575 1019 3632 ceteris
1036 3559 1166 3631 menbnsr'

136 3668 313 3743 narnfrrgas
328 3687 386 3725 non
404 3671 541 3739 sentiant,
557 3670 636 3725 sicat
654 3669 741 3725 etiam
770 3668 871 3726 Ce'cero
894 3670 977 3728 canit
995 3672 1029 3730 in
1050 3649 1168 3729 librisd‘

135 3775 248 3823 nataro
262 3767 391 3823 deorum.
438 3764 522 3842 (Vid.
537 3765 579 3824 Ν.
594 3765 636 3824 D.
652 3763 695 3836 II,
707 3780 759 3840 57,
775 3763 882 3845 144.)]
