<?xml version="1.0" encoding="UTF-8"?>
<!DOCTYPE html PUBLIC "-//W3C//DTD XHTML 1.0 Transitional//EN"
    "http://www.w3.org/TR/xhtml1/DTD/xhtml1-transitional.dtd">
<html xmlns="http://www.w3.org/1999/xhtml" xml:lang="en" lang="en">
 <head>
  <title>
</title>
<meta http-equiv="Content-Type" content="text/html;charset=utf-8" />
  <meta name='ocr-system' content='tesseract 3.04.00' />
  <meta name='ocr-capabilities' content='ocr_page ocr_carea ocr_par ocr_line ocrx_word'/>
</head>
<body>
  <div class='ocr_page' id='page_1' title='image "./mtulliiciceroni01schgoog_0054.png"; bbox 0 0 2504 4170; ppageno 0'>
   <div class='ocr_carea' id='block_1_1' title="bbox 319 317 1108 390">
    <p class='ocr_par' dir='ltr' id='par_1_1' title="bbox 319 317 1108 390">
     <span class='ocr_line' id='line_1_1' title="bbox 319 317 1108 390; baseline 0.011 -19"><span class='ocrx_word' id='word_1_1' title='bbox 319 324 385 373; x_wconf 83' lang='lat' dir='ltr'><strong>LIB.</strong></span> <span class='ocrx_word' id='word_1_2' title='bbox 401 323 423 373; x_wconf 93' lang='lat'>1.</span> <span class='ocrx_word' id='word_1_3' title='bbox 455 322 517 372; x_wconf 68' lang='lat' dir='ltr'>Car.</span> <span class='ocrx_word' id='word_1_4' title='bbox 536 323 687 373; x_wconf 82' lang='lat' dir='ltr'>xv-xvn.</span> <span class='ocrx_word' id='word_1_5' title='bbox 720 317 853 387; x_wconf 59' lang='lat'>§5&#39;38—44</span> <span class='ocrx_word' id='word_1_6' title='bbox 1066 323 1108 390; x_wconf 83' lang='grc'>45</span> 
     </span>
    </p>
   </div>
   <div class='ocr_carea' id='block_1_2' title="bbox 19 476 1155 1524">
    <p class='ocr_par' dir='ltr' id='par_1_2' title="bbox 56 476 1147 845">
     <span class='ocr_line' id='line_1_2' title="bbox 57 476 1111 553; baseline 0.003 -19"><span class='ocrx_word' id='word_1_7' title='bbox 57 476 195 552; x_wconf 88' lang='lat' dir='ltr'>appellat,</span> <span class='ocrx_word' id='word_1_8' title='bbox 207 477 415 552; x_wconf 88' lang='lat' dir='ltr'>sempiternam</span> <span class='ocrx_word' id='word_1_9' title='bbox 429 495 525 535; x_wconf 90' lang='lat' dir='ltr'>rerum</span> <span class='ocrx_word' id='word_1_10' title='bbox 539 478 698 535; x_wconf 87' lang='lat' dir='ltr'>suturamm</span> <span class='ocrx_word' id='word_1_11' title='bbox 709 478 879 551; x_wconf 86' lang='lat' dir='ltr'>veritatem3</span> <span class='ocrx_word' id='word_1_12' title='bbox 900 497 1024 553; x_wconf 91' lang='lat' dir='ltr'>qnorum</span> <span class='ocrx_word' id='word_1_13' title='bbox 1038 480 1111 537; x_wconf 90' lang='lat' dir='ltr'>nihil</span> 
     </span>
     <span class='ocr_line' id='line_1_3' title="bbox 56 572 1147 651; baseline 0.003 -20"><span class='ocrx_word' id='word_1_14' title='bbox 56 575 113 631; x_wconf 89' lang='lat' dir='ltr'>tale</span> <span class='ocrx_word' id='word_1_15' title='bbox 127 585 182 645; x_wconf 92' lang='lat' dir='ltr'>est,</span> <span class='ocrx_word' id='word_1_16' title='bbox 198 584 231 631; x_wconf 92' lang='lat' dir='ltr'>ut</span> <span class='ocrx_word' id='word_1_17' title='bbox 244 572 280 631; x_wconf 76' lang='lat' dir='ltr'>in&#39;</span> <span class='ocrx_word' id='word_1_18' title='bbox 289 591 327 631; x_wconf 93' lang='lat' dir='ltr'>eo</span> <span class='ocrx_word' id='word_1_19' title='bbox 340 575 382 631; x_wconf 92' lang='lat' dir='ltr'>vis</span> <span class='ocrx_word' id='word_1_20' title='bbox 396 573 603 632; x_wconf 77' lang='lat' dir='ltr'>divina-inesse</span> <span class='ocrx_word' id='word_1_21' title='bbox 617 574 757 632; x_wconf 89' lang='lat' dir='ltr'>videatur.</span> <span class='ocrx_word' id='word_1_22' title='bbox 800 576 838 632; x_wconf 90' lang='lat' dir='ltr'>Et</span> <span class='ocrx_word' id='word_1_23' title='bbox 856 575 930 632; x_wconf 92' lang='lat' dir='ltr'>haec</span> <span class='ocrx_word' id='word_1_24' title='bbox 944 575 1065 651; x_wconf 89' lang='lat' dir='ltr'>quidem</span> <span class='ocrx_word' id='word_1_25' title='bbox 1079 576 1109 634; x_wconf 94' lang='lat' dir='ltr'>in</span> <span class='ocrx_word' id='word_1_26' title='bbox 1121 591 1147 634; x_wconf 78' lang='lat'>41</span> 
     </span>
     <span class='ocr_line' id='line_1_4' title="bbox 56 670 1108 747; baseline 0.003 -20"><span class='ocrx_word' id='word_1_27' title='bbox 56 672 152 745; x_wconf 91' lang='lat' dir='ltr'>primo</span> <span class='ocrx_word' id='word_1_28' title='bbox 175 671 248 728; x_wconf 93' lang='lat' dir='ltr'>libro</span> <span class='ocrx_word' id='word_1_29' title='bbox 263 670 301 728; x_wconf 96' lang='lat' dir='ltr'>de</span> <span class='ocrx_word' id='word_1_30' title='bbox 316 680 419 728; x_wconf 89' lang='lat' dir='ltr'>natura</span> <span class='ocrx_word' id='word_1_31' title='bbox 432 670 573 739; x_wconf 83' lang='lat' dir='ltr'>deorum3</span> <span class='ocrx_word' id='word_1_32' title='bbox 597 671 626 728; x_wconf 92' lang='lat' dir='ltr'>in</span> <span class='ocrx_word' id='word_1_33' title='bbox 647 670 780 729; x_wconf 93' lang='lat' dir='ltr'>secundo</span> <span class='ocrx_word' id='word_1_34' title='bbox 801 681 900 729; x_wconf 87' lang='lat' dir='ltr'>antem</span> <span class='ocrx_word' id='word_1_35' title='bbox 914 673 974 729; x_wconf 93' lang='lat' dir='ltr'>volt</span> <span class='ocrx_word' id='word_1_36' title='bbox 988 672 1108 747; x_wconf 89' lang='lat' dir='ltr'>Orphei,</span> 
     </span>
     <span class='ocr_line' id='line_1_5' title="bbox 58 766 1109 845; baseline 0.003 -21"><span class='ocrx_word' id='word_1_37' title='bbox 58 767 183 837; x_wconf 86' lang='lat' dir='ltr'>Musaei,</span> <span class='ocrx_word' id='word_1_38' title='bbox 201 766 329 825; x_wconf 89' lang='lat' dir='ltr'>Hesiodi</span> <span class='ocrx_word' id='word_1_39' title='bbox 351 769 534 842; x_wconf 86' lang='lat' dir='ltr'>Homerique</span> <span class='ocrx_word' id='word_1_40' title='bbox 547 769 666 826; x_wconf 81' lang='lat' dir='ltr'>fabellas</span> <span class='ocrx_word' id='word_1_41' title='bbox 680 769 907 827; x_wconf 88' lang='lat' dir='ltr'>accommodare</span> <span class='ocrx_word' id='word_1_42' title='bbox 921 769 960 827; x_wconf 89' lang='lat' dir='ltr'>ad</span> <span class='ocrx_word' id='word_1_43' title='bbox 974 788 1018 841; x_wconf 91' lang='lat' dir='ltr'>ea,</span> <span class='ocrx_word' id='word_1_44' title='bbox 1034 788 1109 845; x_wconf 90' lang='lat' dir='ltr'>quae</span> 
     </span>
    </p>

    <p class='ocr_par' dir='ltr' id='par_1_3' title="bbox 26 864 1110 1329">
     <span class='ocr_line' id='line_1_6' title="bbox 26 864 1110 940; baseline 0.005 -20"><span class='ocrx_word' id='word_1_45' title='bbox 26 881 37 919; x_wconf 85' lang='lat' dir='ltr'>s</span> <span class='ocrx_word' id='word_1_46' title='bbox 56 865 119 940; x_wconf 88' lang='lat' dir='ltr'>ipse</span> <span class='ocrx_word' id='word_1_47' title='bbox 134 865 232 939; x_wconf 90' lang='lat' dir='ltr'>primo</span> <span class='ocrx_word' id='word_1_48' title='bbox 246 865 319 923; x_wconf 91' lang='lat' dir='ltr'>libro</span> <span class='ocrx_word' id='word_1_49' title='bbox 333 864 371 922; x_wconf 89' lang='lat' dir='ltr'>de</span> <span class='ocrx_word' id='word_1_50' title='bbox 385 865 451 923; x_wconf 94' lang='lat' dir='ltr'>deis</span> <span class='ocrx_word' id='word_1_51' title='bbox 464 866 663 924; x_wconf 84' lang='lat' dir='ltr'>inmortalibus</span> <span class='ocrx_word' id='word_1_52' title='bbox 677 865 798 938; x_wconf 86' lang='lat' dir='ltr'>dixerat,</span> <span class='ocrx_word' id='word_1_53' title='bbox 813 876 845 924; x_wconf 92' lang='lat' dir='ltr'>ut</span> <span class='ocrx_word' id='word_1_54' title='bbox 864 868 952 925; x_wconf 89' lang='lat' dir='ltr'>etiam</span> <span class='ocrx_word' id='word_1_55' title='bbox 966 868 1110 925; x_wconf 85' lang='lat' dir='ltr'>veterrimi</span> 
     </span>
     <span class='ocr_line' id='line_1_7' title="bbox 56 961 1108 1038; baseline 0.003 -19"><span class='ocrx_word' id='word_1_56' title='bbox 56 963 174 1037; x_wconf 71' lang='lat' dir='ltr'>poetae,</span> <span class='ocrx_word' id='word_1_57' title='bbox 189 963 241 1036; x_wconf 87' lang='lat' dir='ltr'>qui</span> <span class='ocrx_word' id='word_1_58' title='bbox 261 961 387 1020; x_wconf 86' lang='lat' dir='ltr'>haecne</span> <span class='ocrx_word' id='word_1_59' title='bbox 401 963 540 1037; x_wconf 89' lang='lat' dir='ltr'>suspicati</span> <span class='ocrx_word' id='word_1_60' title='bbox 554 963 676 1038; x_wconf 90' lang='lat' dir='ltr'>quidem</span> <span class='ocrx_word' id='word_1_61' title='bbox 697 965 764 1034; x_wconf 92' lang='lat' dir='ltr'>sint,</span> <span class='ocrx_word' id='word_1_62' title='bbox 778 964 869 1022; x_wconf 90' lang='lat' dir='ltr'>Stoici</span> <span class='ocrx_word' id='word_1_63' title='bbox 889 965 976 1022; x_wconf 84' lang='lat' dir='ltr'>fuisse</span> <span class='ocrx_word' id='word_1_64' title='bbox 990 964 1108 1022; x_wconf 90' lang='lat' dir='ltr'>videan-</span> 
     </span>
     <span class='ocr_line' id='line_1_8' title="bbox 56 1058 1110 1136; baseline 0.004 -21"><span class='ocrx_word' id='word_1_65' title='bbox 56 1069 111 1116; x_wconf 90' lang='lat' dir='ltr'>tur.</span> <span class='ocrx_word' id='word_1_66' title='bbox 155 1059 254 1132; x_wconf 87' lang='lat' dir='ltr'>Quem</span> <span class='ocrx_word' id='word_1_67' title='bbox 278 1058 426 1134; x_wconf 86' lang='lat' dir='ltr'>Diogenes</span> <span class='ocrx_word' id='word_1_68' title='bbox 449 1060 624 1134; x_wconf 82' lang='lat' dir='ltr'>Babylonius</span> <span class='ocrx_word' id='word_1_69' title='bbox 646 1077 831 1134; x_wconf 90' lang='lat' dir='ltr'>cousequens</span> <span class='ocrx_word' id='word_1_70' title='bbox 852 1061 882 1117; x_wconf 94' lang='lat' dir='ltr'>in</span> <span class='ocrx_word' id='word_1_71' title='bbox 904 1079 941 1118; x_wconf 93' lang='lat' dir='ltr'>eo</span> <span class='ocrx_word' id='word_1_72' title='bbox 961 1062 1044 1132; x_wconf 90' lang='lat' dir='ltr'>libro,</span> <span class='ocrx_word' id='word_1_73' title='bbox 1059 1062 1110 1136; x_wconf 91' lang='lat' dir='ltr'>qui</span> 
     </span>
     <span class='ocr_line' id='line_1_9' title="bbox 57 1154 1108 1234; baseline 0.002 -21"><span class='ocrx_word' id='word_1_74' title='bbox 57 1154 223 1214; x_wconf 79' lang='lat' dir='ltr'>inscribitur</span> <span class='ocrx_word' id='word_1_75' title='bbox 236 1154 275 1213; x_wconf 92' lang='lat' dir='ltr'>de</span> <span class='ocrx_word' id='word_1_76' title='bbox 291 1156 433 1227; x_wconf 88' lang='lat' dir='ltr'>Minerva,</span> <span class='ocrx_word' id='word_1_77' title='bbox 448 1168 564 1231; x_wconf 88' lang='lat' dir='ltr'>parturn</span> <span class='ocrx_word' id='word_1_78' title='bbox 578 1158 657 1215; x_wconf 88' lang='lat' dir='ltr'>Iovis</span> <span class='ocrx_word' id='word_1_79' title='bbox 670 1168 824 1230; x_wconf 90' lang='lat' dir='ltr'>ortumque</span> <span class='ocrx_word' id='word_1_80' title='bbox 838 1158 954 1232; x_wconf 88' lang='lat' dir='ltr'>virginis</span> <span class='ocrx_word' id='word_1_81' title='bbox 975 1157 1016 1215; x_wconf 89' lang='lat' dir='ltr'>ad</span> <span class='ocrx_word' id='word_1_82' title='bbox 1036 1158 1108 1234; x_wconf 90' lang='lat' dir='ltr'>phy-</span> 
     </span>
     <span class='ocr_line' id='line_1_10' title="bbox 57 1252 667 1329; baseline 0.002 -19"><span class='ocrx_word' id='word_1_83' title='bbox 57 1253 210 1327; x_wconf 88' lang='lat' dir='ltr'>siologiam</span> <span class='ocrx_word' id='word_1_84' title='bbox 224 1252 380 1311; x_wconf 86' lang='lat' dir='ltr'>traducens</span> <span class='ocrx_word' id='word_1_85' title='bbox 394 1252 518 1329; x_wconf 93' lang='lat' dir='ltr'>diiungit</span> <span class='ocrx_word' id='word_1_86' title='bbox 530 1273 550 1310; x_wconf 87' lang='lat' dir='ltr'>a</span> <span class='ocrx_word' id='word_1_87' title='bbox 562 1254 667 1312; x_wconf 86' lang='lat' dir='ltr'>sabula.</span> 
     </span>
    </p>

    <p class='ocr_par' dir='ltr' id='par_1_4' title="bbox 19 1335 1155 1524">
     <span class='ocr_line' id='line_1_11' title="bbox 19 1335 1155 1442; baseline 0.004 -36"><span class='ocrx_word' id='word_1_88' title='bbox 19 1370 44 1396; x_wconf 85' lang='lat'>10</span> <span class='ocrx_word' id='word_1_89' title='bbox 99 1349 233 1425; x_wconf 88' lang='lat' dir='ltr'>Exposui</span> <span class='ocrx_word' id='word_1_90' title='bbox 260 1350 320 1407; x_wconf 87' lang='lat' dir='ltr'>fere</span> <span class='ocrx_word' id='word_1_91' title='bbox 348 1368 409 1408; x_wconf 92' lang='lat' dir='ltr'>non</span> <span class='ocrx_word' id='word_1_92' title='bbox 436 1350 678 1427; x_wconf 91' lang='lat' dir='ltr'>philosophorum</span> <span class='ocrx_word' id='word_1_93' title='bbox 705 1351 823 1422; x_wconf 84' lang='lat' dir='ltr'>iudicia,</span> <span class='ocrx_word' id='word_1_94' title='bbox 848 1351 902 1410; x_wconf 92' lang='lat' dir='ltr'>sed</span> <span class='ocrx_word' id='word_1_95' title='bbox 925 1335 1155 1442; x_wconf 44' lang='lat' dir='ltr'>delirantium}</span> 
     </span>
     <span class='ocr_line' id='line_1_12' title="bbox 57 1447 1110 1524; baseline 0.004 -20"><span class='ocrx_word' id='word_1_96' title='bbox 57 1447 181 1504; x_wconf 90' lang='lat' dir='ltr'>somnia.</span> <span class='ocrx_word' id='word_1_97' title='bbox 225 1447 291 1504; x_wconf 91' lang='lat' dir='ltr'>Nee</span> <span class='ocrx_word' id='word_1_98' title='bbox 312 1448 391 1505; x_wconf 91' lang='lat' dir='ltr'>enirn</span> <span class='ocrx_word' id='word_1_99' title='bbox 412 1448 504 1505; x_wconf 92' lang='lat' dir='ltr'>multo</span> <span class='ocrx_word' id='word_1_100' title='bbox 525 1447 694 1505; x_wconf 88' lang='lat' dir='ltr'>absurdiora</span> <span class='ocrx_word' id='word_1_101' title='bbox 713 1457 781 1505; x_wconf 90' lang='lat' dir='ltr'>sunt</span> <span class='ocrx_word' id='word_1_102' title='bbox 800 1465 844 1519; x_wconf 93' lang='lat' dir='ltr'>ea,</span> <span class='ocrx_word' id='word_1_103' title='bbox 859 1466 935 1522; x_wconf 89' lang='lat' dir='ltr'>quae</span> <span class='ocrx_word' id='word_1_104' title='bbox 956 1451 1110 1524; x_wconf 66' lang='lat' dir='ltr'>poetarum</span> 
     </span>
    </p>
   </div>
   <div class='ocr_carea' id='block_1_3' title="bbox 57 1544 1181 1669">
    <p class='ocr_par' dir='ltr' id='par_1_5' title="bbox 57 1544 1181 1669">
     <span class='ocr_line' id='line_1_13' title="bbox 57 1544 1110 1619; baseline 0.003 -18"><span class='ocrx_word' id='word_1_105' title='bbox 57 1544 180 1601; x_wconf 91' lang='lat' dir='ltr'>vocibus</span> <span class='ocrx_word' id='word_1_106' title='bbox 204 1544 269 1601; x_wconf 86' lang='lat' dir='ltr'>susa</span> <span class='ocrx_word' id='word_1_107' title='bbox 292 1545 356 1619; x_wconf 91' lang='lat' dir='ltr'>ipsa</span> <span class='ocrx_word' id='word_1_108' title='bbox 379 1545 519 1602; x_wconf 89' lang='lat' dir='ltr'>suavitate</span> <span class='ocrx_word' id='word_1_109' title='bbox 540 1553 711 1616; x_wconf 91' lang='lat' dir='ltr'>nocuerunt,</span> <span class='ocrx_word' id='word_1_110' title='bbox 733 1545 784 1619; x_wconf 92' lang='lat' dir='ltr'>qui</span> <span class='ocrx_word' id='word_1_111' title='bbox 805 1555 835 1602; x_wconf 92' lang='lat' dir='ltr'>et</span> <span class='ocrx_word' id='word_1_112' title='bbox 854 1545 896 1602; x_wconf 90' lang='lat' dir='ltr'>ira</span> <span class='ocrx_word' id='word_1_113' title='bbox 916 1546 1110 1604; x_wconf 86' lang='lat' dir='ltr'>inflammatos</span> 
     </span>
     <span class='ocr_line' id='line_1_14' title="bbox 1176 1636 1181 1669; baseline 0 0"><span class='ocrx_word' id='word_1_114' title='bbox 1176 1636 1181 1669; x_wconf 98' lang='lat' dir='ltr'>l</span> 
     </span>
    </p>
   </div>
   <div class='ocr_carea' id='block_1_4' title="bbox 19 1640 1182 2117">
    <p class='ocr_par' dir='ltr' id='par_1_6' title="bbox 58 1640 1182 1814">
     <span class='ocr_line' id='line_1_15' title="bbox 58 1640 1182 1731; baseline -0.001 -33"><span class='ocrx_word' id='word_1_115' title='bbox 58 1650 88 1698; x_wconf 93' lang='lat' dir='ltr'>et</span> <span class='ocrx_word' id='word_1_116' title='bbox 101 1640 223 1698; x_wconf 90' lang='lat' dir='ltr'>libidine</span> <span class='ocrx_word' id='word_1_117' title='bbox 238 1641 357 1699; x_wconf 83' lang='lat' dir='ltr'>furentis</span> <span class='ocrx_word' id='word_1_118' title='bbox 371 1640 548 1699; x_wconf 88' lang='lat' dir='ltr'>induxerunt</span> <span class='ocrx_word' id='word_1_119' title='bbox 562 1640 635 1698; x_wconf 90' lang='lat' dir='ltr'>deos</span> <span class='ocrx_word' id='word_1_120' title='bbox 649 1642 848 1731; x_wconf 47' lang='lat' dir='ltr'>&amp;tumme</span> <span class='ocrx_word' id='word_1_121' title='bbox 862 1652 895 1699; x_wconf 92' lang='lat' dir='ltr'>ut</span> <span class='ocrx_word' id='word_1_122' title='bbox 910 1660 1010 1701; x_wconf 90' lang='lat' dir='ltr'>eorum</span> <span class='ocrx_word' id='word_1_123' title='bbox 1025 1644 1109 1716; x_wconf 89' lang='lat' dir='ltr'>bella,</span> <span class='ocrx_word' id='word_1_124' title='bbox 1140 1662 1182 1697; x_wconf 62' lang='lat' dir='ltr'>s&lt;-</span> 
     </span>
     <span class='ocr_line' id='line_1_16' title="bbox 58 1738 1109 1814; baseline 0.003 -19"><span class='ocrx_word' id='word_1_125' title='bbox 58 1738 179 1813; x_wconf 89' lang='lat' dir='ltr'>proelia,</span> <span class='ocrx_word' id='word_1_126' title='bbox 208 1755 330 1812; x_wconf 89' lang='lat' dir='ltr'>pugnas,</span> <span class='ocrx_word' id='word_1_127' title='bbox 355 1738 474 1796; x_wconf 90' lang='lat' dir='ltr'>vulnera</span> <span class='ocrx_word' id='word_1_128' title='bbox 496 1738 671 1809; x_wconf 88' lang='lat' dir='ltr'>videremus,</span> <span class='ocrx_word' id='word_1_129' title='bbox 697 1738 766 1796; x_wconf 91' lang='lat' dir='ltr'>odia</span> <span class='ocrx_word' id='word_1_130' title='bbox 793 1750 950 1814; x_wconf 87' lang='lat' dir='ltr'>praeterea,</span> <span class='ocrx_word' id='word_1_131' title='bbox 976 1739 1109 1812; x_wconf 88' lang='lat' dir='ltr'>discidia,</span> 
     </span>
    </p>

    <p class='ocr_par' dir='ltr' id='par_1_7' title="bbox 19 1833 1148 2117">
     <span class='ocr_line' id='line_1_17' title="bbox 19 1833 1111 1909; baseline 0.009 -23"><span class='ocrx_word' id='word_1_132' title='bbox 19 1858 43 1896; x_wconf 66' lang='grc' dir='ltr'>ιι</span> <span class='ocrx_word' id='word_1_133' title='bbox 58 1833 232 1905; x_wconf 86' lang='lat' dir='ltr'>discordias,</span> <span class='ocrx_word' id='word_1_134' title='bbox 254 1845 343 1906; x_wconf 91' lang='lat' dir='ltr'>ortus,</span> <span class='ocrx_word' id='word_1_135' title='bbox 357 1835 505 1906; x_wconf 86' lang='lat' dir='ltr'>interitus,</span> <span class='ocrx_word' id='word_1_136' title='bbox 525 1836 676 1909; x_wconf 90' lang='lat' dir='ltr'>querellas,</span> <span class='ocrx_word' id='word_1_137' title='bbox 697 1835 929 1908; x_wconf 89' lang='lat' dir='ltr'>lamentationes,</span> <span class='ocrx_word' id='word_1_138' title='bbox 951 1837 1056 1896; x_wconf 85' lang='lat' dir='ltr'>effusas</span> <span class='ocrx_word' id='word_1_139' title='bbox 1080 1838 1111 1896; x_wconf 91' lang='lat' dir='ltr'>in</span> 
     </span>
     <span class='ocr_line' id='line_1_18' title="bbox 58 1931 1111 2005; baseline 0.003 -16"><span class='ocrx_word' id='word_1_140' title='bbox 58 1932 142 1989; x_wconf 89' lang='lat' dir='ltr'>omni</span> <span class='ocrx_word' id='word_1_141' title='bbox 162 1931 387 2005; x_wconf 84' lang='lat' dir='ltr'>intemperantia</span> <span class='ocrx_word' id='word_1_142' title='bbox 407 1931 551 2003; x_wconf 89' lang='lat' dir='ltr'>libidines,</span> <span class='ocrx_word' id='word_1_143' title='bbox 573 1931 724 2004; x_wconf 89' lang='lat' dir='ltr'>adulteria,</span> <span class='ocrx_word' id='word_1_144' title='bbox 740 1933 865 2004; x_wconf 88' lang='lat' dir='ltr'>vincula,</span> <span class='ocrx_word' id='word_1_145' title='bbox 887 1951 955 1991; x_wconf 92' lang='lat' dir='ltr'>curn</span> <span class='ocrx_word' id='word_1_146' title='bbox 981 1932 1111 1992; x_wconf 91' lang='lat' dir='ltr'>humano</span> 
     </span>
     <span class='ocr_line' id='line_1_19' title="bbox 57 2020 1148 2117; baseline 0.005 -32"><span class='ocrx_word' id='word_1_147' title='bbox 57 2045 167 2103; x_wconf 89' lang='lat' dir='ltr'>genere</span> <span class='ocrx_word' id='word_1_148' title='bbox 188 2022 570 2117; x_wconf 33' lang='lat' dir='ltr'>concubitulkmortalisque</span> <span class='ocrx_word' id='word_1_149' title='bbox 592 2047 629 2086; x_wconf 86' lang='lat' dir='ltr'>ex</span> <span class='ocrx_word' id='word_1_150' title='bbox 649 2029 793 2086; x_wconf 87' lang='lat' dir='ltr'>inmortali</span> <span class='ocrx_word' id='word_1_151' title='bbox 814 2020 1009 2109; x_wconf 32' lang='lat' dir='ltr'>procreatosb</span> <span class='ocrx_word' id='word_1_152' title='bbox 1033 2032 1148 2091; x_wconf 69' lang='lat' dir='ltr'>Cumis</span> 
     </span>
    </p>
   </div>
   <div class='ocr_carea' id='block_1_5' title="bbox 17 2120 1233 3857">
    <p class='ocr_par' dir='ltr' id='par_1_8' title="bbox 17 2120 1236 3857">
     <span class='ocr_line' id='line_1_20' title="bbox 57 2120 1228 2203; baseline 0.003 -20"><span class='ocrx_word' id='word_1_153' title='bbox 57 2126 213 2201; x_wconf 75' lang='lat' dir='ltr'>poetarum</span> <span class='ocrx_word' id='word_1_154' title='bbox 240 2133 340 2181; x_wconf 90' lang='lat' dir='ltr'>autem</span> <span class='ocrx_word' id='word_1_155' title='bbox 367 2143 463 2183; x_wconf 92' lang='lat' dir='ltr'>errore</span> <span class='ocrx_word' id='word_1_156' title='bbox 490 2125 668 2200; x_wconf 90' lang='lat' dir='ltr'>coniungere</span> <span class='ocrx_word' id='word_1_157' title='bbox 695 2126 765 2182; x_wconf 92' lang='lat' dir='ltr'>licet</span> <span class='ocrx_word' id='word_1_158' title='bbox 790 2135 925 2200; x_wconf 92' lang='lat' dir='ltr'>portenta</span> <span class='ocrx_word' id='word_1_159' title='bbox 959 2146 1111 2203; x_wconf 89' lang='lat' dir='ltr'>magorum</span> <span class='ocrx_word' id='word_1_160' title='bbox 1157 2120 1228 2179; x_wconf 62' lang='grc' dir='ltr'>*ι’</span> 
     </span>
     <span class='ocr_line' id='line_1_21' title="bbox 57 2220 1153 2300; baseline 0.004 -21"><span class='ocrx_word' id='word_1_161' title='bbox 57 2220 330 2297; x_wconf 83' lang='lat' dir='ltr'>Aegyptiorumque</span> <span class='ocrx_word' id='word_1_162' title='bbox 348 2221 379 2278; x_wconf 91' lang='lat' dir='ltr'>in</span> <span class='ocrx_word' id='word_1_163' title='bbox 398 2221 506 2279; x_wconf 90' lang='lat' dir='ltr'>eodem</span> <span class='ocrx_word' id='word_1_164' title='bbox 525 2239 632 2296; x_wconf 86' lang='lat' dir='ltr'>genere</span> <span class='ocrx_word' id='word_1_165' title='bbox 646 2221 835 2293; x_wconf 88' lang='lat' dir='ltr'>dementiam,</span> <span class='ocrx_word' id='word_1_166' title='bbox 850 2232 913 2281; x_wconf 90' lang='lat' dir='ltr'>turn</span> <span class='ocrx_word' id='word_1_167' title='bbox 932 2225 1020 2281; x_wconf 86' lang='lat' dir='ltr'>etiarn</span> <span class='ocrx_word' id='word_1_168' title='bbox 1034 2226 1112 2300; x_wconf 88' lang='lat' dir='ltr'>vulgi</span> <span class='ocrx_word' id='word_1_169' title='bbox 1151 2232 1153 2237; x_wconf 83' lang='lat'>&#39;</span> 
     </span>
     <span class='ocr_line' id='line_1_22' title="bbox 17 2317 1212 2395; baseline 0.006 -22"><span class='ocrx_word' id='word_1_170' title='bbox 17 2346 45 2373; x_wconf 70' lang='grc' dir='ltr'><em>ω</em></span> <span class='ocrx_word' id='word_1_171' title='bbox 58 2319 223 2394; x_wconf 89' lang='lat' dir='ltr'>opiniones,</span> <span class='ocrx_word' id='word_1_172' title='bbox 245 2335 321 2391; x_wconf 89' lang='lat' dir='ltr'>quae</span> <span class='ocrx_word' id='word_1_173' title='bbox 349 2317 380 2375; x_wconf 92' lang='lat' dir='ltr'>in</span> <span class='ocrx_word' id='word_1_174' title='bbox 408 2320 535 2376; x_wconf 88' lang='lat' dir='ltr'>maxima</span> <span class='ocrx_word' id='word_1_175' title='bbox 562 2318 757 2376; x_wconf 88' lang='lat' dir='ltr'>inconstantia</span> <span class='ocrx_word' id='word_1_176' title='bbox 776 2320 902 2377; x_wconf 87' lang='lat' dir='ltr'>veritatis</span> <span class='ocrx_word' id='word_1_177' title='bbox 930 2320 1111 2395; x_wconf 87' lang='lat' dir='ltr'>ignoratione</span> <span class='ocrx_word' id='word_1_178' title='bbox 1209 2358 1212 2363; x_wconf 78' lang='lat'>,</span> 
     </span>
     <span class='ocr_line' id='line_1_23' title="bbox 58 2415 1111 2507; baseline 0.003 -34"><span class='ocrx_word' id='word_1_179' title='bbox 58 2425 218 2507; x_wconf 82' lang='lat' dir='ltr'>versantur.</span> <span class='ocrx_word' id='word_1_180' title='bbox 275 2415 320 2473; x_wconf 87' lang='lat' dir='ltr'>Ea</span> <span class='ocrx_word' id='word_1_181' title='bbox 346 2415 397 2490; x_wconf 92' lang='lat' dir='ltr'>qui</span> <span class='ocrx_word' id='word_1_182' title='bbox 423 2415 590 2473; x_wconf 91' lang='lat' dir='ltr'>consideret</span> <span class='ocrx_word' id='word_1_183' title='bbox 617 2433 706 2489; x_wconf 87' lang='lat' dir='ltr'>quam</span> <span class='ocrx_word' id='word_1_184' title='bbox 736 2416 899 2474; x_wconf 91' lang='lat' dir='ltr'>inconsulte</span> <span class='ocrx_word' id='word_1_185' title='bbox 932 2435 967 2474; x_wconf 90' lang='lat' dir='ltr'>ac</span> <span class='ocrx_word' id='word_1_186' title='bbox 1000 2427 1111 2477; x_wconf 87' lang='lat' dir='ltr'>temere</span> 
     </span>
     <span class='ocr_line' id='line_1_24' title="bbox 58 2488 1111 2587; baseline 0.004 -18"><span class='ocrx_word' id='word_1_187' title='bbox 58 2488 204 2582; x_wconf 88' lang='lat' dir='ltr'>dicantur,</span> <span class='ocrx_word' id='word_1_188' title='bbox 218 2512 349 2569; x_wconf 90' lang='lat' dir='ltr'>venerari</span> <span class='ocrx_word' id='word_1_189' title='bbox 368 2513 529 2586; x_wconf 90' lang='lat' dir='ltr'>Epicurum</span> <span class='ocrx_word' id='word_1_190' title='bbox 550 2512 630 2569; x_wconf 89' lang='lat' dir='ltr'>etin</span> <span class='ocrx_word' id='word_1_191' title='bbox 651 2529 752 2570; x_wconf 92' lang='lat' dir='ltr'>eorum</span> <span class='ocrx_word' id='word_1_192' title='bbox 774 2512 903 2586; x_wconf 87' lang='lat' dir='ltr'>ipsomm</span> <span class='ocrx_word' id='word_1_193' title='bbox 924 2533 1056 2587; x_wconf 90' lang='lat' dir='ltr'>numero,</span> <span class='ocrx_word' id='word_1_194' title='bbox 1072 2516 1111 2574; x_wconf 90' lang='lat' dir='ltr'>de</span> 
     </span>
     <span class='ocr_line' id='line_1_25' title="bbox 58 2606 1112 2682; baseline 0.005 -17"><span class='ocrx_word' id='word_1_195' title='bbox 58 2609 166 2682; x_wconf 92' lang='lat' dir='ltr'>quibus</span> <span class='ocrx_word' id='word_1_196' title='bbox 195 2606 269 2664; x_wconf 91' lang='lat' dir='ltr'>haec</span> <span class='ocrx_word' id='word_1_197' title='bbox 293 2608 425 2682; x_wconf 88' lang='lat' dir='ltr'>quaestio</span> <span class='ocrx_word' id='word_1_198' title='bbox 453 2617 505 2680; x_wconf 91' lang='lat' dir='ltr'>est,</span> <span class='ocrx_word' id='word_1_199' title='bbox 531 2607 639 2667; x_wconf 88' lang='lat' dir='ltr'>habere</span> <span class='ocrx_word' id='word_1_200' title='bbox 664 2608 780 2667; x_wconf 90' lang='lat' dir='ltr'>debeat.</span> <span class='ocrx_word' id='word_1_201' title='bbox 823 2610 907 2668; x_wconf 87' lang='lat' dir='ltr'>Solus</span> <span class='ocrx_word' id='word_1_202' title='bbox 935 2613 1014 2669; x_wconf 87' lang='lat' dir='ltr'>enirn</span> <span class='ocrx_word' id='word_1_203' title='bbox 1040 2613 1112 2670; x_wconf 91' lang='lat' dir='ltr'>vidit</span> 
     </span>
     <span class='ocr_line' id='line_1_26' title="bbox 58 2705 1111 2782; baseline 0.005 -19"><span class='ocrx_word' id='word_1_204' title='bbox 58 2706 189 2782; x_wconf 89' lang='lat' dir='ltr'>primurn</span> <span class='ocrx_word' id='word_1_205' title='bbox 209 2723 274 2763; x_wconf 90' lang='lat' dir='ltr'>esse</span> <span class='ocrx_word' id='word_1_206' title='bbox 295 2705 377 2777; x_wconf 89' lang='lat' dir='ltr'>deos,</span> <span class='ocrx_word' id='word_1_207' title='bbox 399 2705 480 2780; x_wconf 94' lang='lat' dir='ltr'>quod</span> <span class='ocrx_word' id='word_1_208' title='bbox 501 2707 532 2764; x_wconf 90' lang='lat' dir='ltr'>in</span> <span class='ocrx_word' id='word_1_209' title='bbox 552 2707 686 2764; x_wconf 90' lang='lat' dir='ltr'>omnium</span> <span class='ocrx_word' id='word_1_210' title='bbox 706 2707 810 2766; x_wconf 90' lang='lat' dir='ltr'>animis</span> <span class='ocrx_word' id='word_1_211' title='bbox 832 2726 934 2766; x_wconf 90' lang='lat' dir='ltr'>eorum</span> <span class='ocrx_word' id='word_1_212' title='bbox 958 2711 1111 2768; x_wconf 91' lang='lat' dir='ltr'>notionem</span> 
     </span>
     <span class='ocr_line' id='line_1_27' title="bbox 17 2802 1111 2882; baseline 0.004 -21"><span class='ocrx_word' id='word_1_213' title='bbox 17 2833 44 2871; x_wconf 75' lang='lat'>25</span> <span class='ocrx_word' id='word_1_214' title='bbox 59 2802 253 2878; x_wconf 90' lang='lat' dir='ltr'>impressisset</span> <span class='ocrx_word' id='word_1_215' title='bbox 273 2803 337 2877; x_wconf 89' lang='lat' dir='ltr'>ipsa</span> <span class='ocrx_word' id='word_1_216' title='bbox 357 2812 467 2862; x_wconf 88' lang='lat' dir='ltr'>natura.</span> <span class='ocrx_word' id='word_1_217' title='bbox 511 2804 595 2876; x_wconf 86' lang='lat' dir='ltr'>Quae</span> <span class='ocrx_word' id='word_1_218' title='bbox 615 2814 658 2862; x_wconf 93' lang='lat' dir='ltr'>est</span> <span class='ocrx_word' id='word_1_219' title='bbox 677 2805 757 2862; x_wconf 91' lang='lat' dir='ltr'>enim</span> <span class='ocrx_word' id='word_1_220' title='bbox 774 2823 845 2880; x_wconf 88' lang='lat' dir='ltr'>gens</span> <span class='ocrx_word' id='word_1_221' title='bbox 859 2815 909 2863; x_wconf 90' lang='lat' dir='ltr'>aut</span> <span class='ocrx_word' id='word_1_222' title='bbox 923 2806 1005 2880; x_wconf 92' lang='lat' dir='ltr'>quod</span> <span class='ocrx_word' id='word_1_223' title='bbox 1018 2826 1111 2882; x_wconf 89' lang='lat' dir='ltr'>genus</span> 
     </span>
     <span class='ocr_line' id='line_1_28' title="bbox 59 2899 1110 2980; baseline 0.006 -23"><span class='ocrx_word' id='word_1_224' title='bbox 59 2899 222 2970; x_wconf 90' lang='lat' dir='ltr'>hominum,</span> <span class='ocrx_word' id='word_1_225' title='bbox 237 2899 319 2974; x_wconf 91' lang='lat' dir='ltr'>quod</span> <span class='ocrx_word' id='word_1_226' title='bbox 337 2918 398 2958; x_wconf 93' lang='lat' dir='ltr'>non</span> <span class='ocrx_word' id='word_1_227' title='bbox 417 2899 562 2959; x_wconf 89' lang='lat' dir='ltr'>habeat&#39;</span> <span class='ocrx_word' id='word_1_228' title='bbox 540 2918 602 2959; x_wconf 90' lang='lat' dir='ltr'>srne</span> <span class='ocrx_word' id='word_1_229' title='bbox 616 2901 751 2959; x_wconf 87' lang='lat' dir='ltr'>doctrina</span> <span class='ocrx_word' id='word_1_230' title='bbox 766 2903 1005 2978; x_wconf 89' lang='lat' dir='ltr'>anticipationem</span> <span class='ocrx_word' id='word_1_231' title='bbox 1019 2912 1110 2980; x_wconf 65' lang='lat' dir='ltr'>quanss</span> 
     </span>
     <span class='ocr_line' id='line_1_29' title="bbox 59 2995 1110 3110; baseline 0.005 -56"><span class='ocrx_word' id='word_1_232' title='bbox 59 2996 130 3055; x_wconf 89' lang='lat' dir='ltr'>dam</span> <span class='ocrx_word' id='word_1_233' title='bbox 151 2995 296 3055; x_wconf 86' lang='lat' dir='ltr'>deorum?</span> <span class='ocrx_word' id='word_1_234' title='bbox 314 3015 402 3072; x_wconf 88' lang='lat' dir='ltr'>quarn</span> <span class='ocrx_word' id='word_1_235' title='bbox 431 2998 558 3072; x_wconf 89' lang='lat' dir='ltr'>appellat</span> <span class='ocrx_word' id='word_1_236' title='bbox 584 2998 743 3085; x_wconf 74' lang='grc' dir='ltr'>πρόληψιν</span> <span class='ocrx_word' id='word_1_237' title='bbox 746 2999 907 3110; x_wconf 71' lang='lat' dir='ltr'>Epicurus,</span> <span class='ocrx_word' id='word_1_238' title='bbox 929 2999 960 3058; x_wconf 94' lang='lat' dir='ltr'>id</span> <span class='ocrx_word' id='word_1_239' title='bbox 988 3011 1031 3059; x_wconf 88' lang='lat' dir='ltr'>est</span> <span class='ocrx_word' id='word_1_240' title='bbox 1059 3021 1110 3059; x_wconf 89' lang='lat' dir='ltr'>an-</span> 
     </span>
     <span class='ocr_line' id='line_1_30' title="bbox 57 3068 1110 3172; baseline 0.005 -21"><span class='ocrx_word' id='word_1_241' title='bbox 57 3103 209 3169; x_wconf 86' lang='lat' dir='ltr'>teceptam</span> <span class='ocrx_word' id='word_1_242' title='bbox 236 3094 334 3152; x_wconf 89' lang='lat' dir='ltr'>animo</span> <span class='ocrx_word' id='word_1_243' title='bbox 362 3095 405 3152; x_wconf 92' lang='lat' dir='ltr'>rei</span> <span class='ocrx_word' id='word_1_244' title='bbox 432 3094 582 3169; x_wconf 88' lang='lat' dir='ltr'>quandam</span> <span class='ocrx_word' id='word_1_245' title='bbox 610 3068 857 3169; x_wconf 68' lang='lat' dir='ltr'>insorrnatiolrem,</span> <span class='ocrx_word' id='word_1_246' title='bbox 878 3098 941 3155; x_wconf 93' lang='lat' dir='ltr'>sine</span> <span class='ocrx_word' id='word_1_247' title='bbox 969 3116 1027 3172; x_wconf 90' lang='lat' dir='ltr'>qua</span> <span class='ocrx_word' id='word_1_248' title='bbox 1054 3117 1110 3156; x_wconf 92' lang='lat' dir='ltr'>nec</span> 
     </span>
     <span class='ocr_line' id='line_1_31' title="bbox 57 3191 1199 3268; baseline 0.004 -20"><span class='ocrx_word' id='word_1_249' title='bbox 57 3191 189 3266; x_wconf 88' lang='lat' dir='ltr'>intellegi</span> <span class='ocrx_word' id='word_1_250' title='bbox 215 3191 374 3266; x_wconf 84' lang='lat' dir='ltr'>quicquam</span> <span class='ocrx_word' id='word_1_251' title='bbox 401 3210 458 3248; x_wconf 91' lang='lat' dir='ltr'>nec</span> <span class='ocrx_word' id='word_1_252' title='bbox 486 3192 586 3265; x_wconf 90' lang='lat' dir='ltr'>quaeri</span> <span class='ocrx_word' id='word_1_253' title='bbox 612 3209 670 3249; x_wconf 91' lang='lat' dir='ltr'>nee</span> <span class='ocrx_word' id='word_1_254' title='bbox 698 3191 838 3267; x_wconf 91' lang='lat' dir='ltr'>disputari</span> <span class='ocrx_word' id='word_1_255' title='bbox 865 3204 972 3268; x_wconf 91' lang='lat' dir='ltr'>potest.</span> <span class='ocrx_word' id='word_1_256' title='bbox 1020 3196 1110 3254; x_wconf 90' lang='lat' dir='ltr'>Cuius</span> <span class='ocrx_word' id='word_1_257' title='bbox 1196 3258 1199 3265; x_wconf 63' lang='grc'><strong>,</strong></span> 
     </span>
     <span class='ocr_line' id='line_1_32' title="bbox 18 3287 1111 3389; baseline 0.005 -44"><span class='ocrx_word' id='word_1_258' title='bbox 18 3315 45 3354; x_wconf 78' lang='lat'>³0</span> <span class='ocrx_word' id='word_1_259' title='bbox 58 3287 254 3376; x_wconf 63' lang='lat' dir='ltr'>erim</span> <span class='ocrx_word' id='word_1_260' title='bbox 274 3297 362 3362; x_wconf 91' lang='lat' dir='ltr'>atque</span> <span class='ocrx_word' id='word_1_261' title='bbox 383 3289 535 3346; x_wconf 89' lang='lat' dir='ltr'>utilitatem</span> <span class='ocrx_word' id='word_1_262' title='bbox 556 3307 594 3346; x_wconf 89' lang='lat' dir='ltr'>ex</span> <span class='ocrx_word' id='word_1_263' title='bbox 613 3289 661 3389; x_wconf 83' lang='lat' dir='ltr'>illp</span> <span class='ocrx_word' id='word_1_264' title='bbox 681 3289 798 3346; x_wconf 91' lang='lat' dir='ltr'>caelesti</span> <span class='ocrx_word' id='word_1_265' title='bbox 818 3291 939 3364; x_wconf 90' lang='lat' dir='ltr'>Epicuri</span> <span class='ocrx_word' id='word_1_266' title='bbox 955 3291 993 3350; x_wconf 90' lang='lat' dir='ltr'>de</span> <span class='ocrx_word' id='word_1_267' title='bbox 1012 3293 1111 3367; x_wconf 90' lang='lat' dir='ltr'>regula</span> 
     </span>
     <span class='ocr_line' id='line_1_33' title="bbox 58 3372 1152 3478; baseline 0.004 -35"><span class='ocrx_word' id='word_1_268' title='bbox 58 3394 89 3443; x_wconf 91' lang='lat' dir='ltr'>et</span> <span class='ocrx_word' id='word_1_269' title='bbox 115 3384 227 3442; x_wconf 89' lang='lat' dir='ltr'>iudicio</span> <span class='ocrx_word' id='word_1_270' title='bbox 250 3383 397 3442; x_wconf 89' lang='lat' dir='ltr'>volumine</span> <span class='ocrx_word' id='word_1_271' title='bbox 421 3386 632 3477; x_wconf 45' lang='grc' dir='ltr'>αεξςᾘίιῃιιε.)</span> <span class='ocrx_word' id='word_1_272' title='bbox 635 3384 747 3461; x_wconf 76' lang='lat' dir='ltr'>Quod</span> <span class='ocrx_word' id='word_1_273' title='bbox 775 3386 878 3471; x_wconf 44' lang='lat' dir='ltr'>rgrturq</span> <span class='ocrx_word' id='word_1_274' title='bbox 863 3383 1057 3447; x_wconf 83' lang='lat' dir='ltr'>fundamen</span> <span class='ocrx_word' id='word_1_275' title='bbox 1059 3372 1152 3478; x_wconf 74' lang='grc' dir='ltr'>ιιιιιῖ17</span> 
     </span>
     <span class='ocr_line' id='line_1_34' title="bbox 58 3438 1222 3577; baseline 0.003 -37"><span class='ocrx_word' id='word_1_276' title='bbox 58 3482 145 3540; x_wconf 93' lang='lat' dir='ltr'>huius</span> <span class='ocrx_word' id='word_1_277' title='bbox 162 3481 340 3556; x_wconf 86' lang='lat' dir='ltr'>quaestionis</span> <span class='ocrx_word' id='word_1_278' title='bbox 362 3492 414 3554; x_wconf 91' lang='lat' dir='ltr'>est,</span> <span class='ocrx_word' id='word_1_279' title='bbox 432 3482 464 3541; x_wconf 91' lang='lat' dir='ltr'>id</span> <span class='ocrx_word' id='word_1_280' title='bbox 483 3483 655 3577; x_wconf 82' lang='lat' dir='ltr'>praeclare</span> <span class='ocrx_word' id='word_1_281' title='bbox 642 3482 760 3541; x_wconf 90' lang='lat' dir='ltr'>iactum</span> <span class='ocrx_word' id='word_1_282' title='bbox 776 3472 900 3561; x_wconf 26' lang='lat' dir='ltr'>ridetis..¹</span> <span class='ocrx_word' id='word_1_283' title='bbox 932 3484 1010 3542; x_wconf 90' lang='lat' dir='ltr'>Cum</span> <span class='ocrx_word' id='word_1_284' title='bbox 1031 3502 1110 3542; x_wconf 90' lang='lat' dir='ltr'>emm</span> <span class='ocrx_word' id='word_1_285' title='bbox 1123 3438 1180 3573; x_wconf 52' lang='lat' dir='ltr'>“lq</span> <span class='ocrx_word' id='word_1_286' title='bbox 1208 3494 1222 3559; x_wconf 56' lang='lat' dir='ltr'><em>j</em></span> 
     </span>
     <span class='ocr_line' id='line_1_35' title="bbox 57 3570 1233 3663; baseline 0.001 -26"><span class='ocrx_word' id='word_1_287' title='bbox 57 3597 119 3637; x_wconf 92' lang='lat' dir='ltr'>non</span> <span class='ocrx_word' id='word_1_288' title='bbox 147 3579 279 3636; x_wconf 90' lang='lat' dir='ltr'>instituto</span> <span class='ocrx_word' id='word_1_289' title='bbox 303 3579 400 3654; x_wconf 90' lang='lat' dir='ltr'>aliquo</span> <span class='ocrx_word' id='word_1_290' title='bbox 425 3590 474 3638; x_wconf 88' lang='lat' dir='ltr'>aut</span> <span class='ocrx_word' id='word_1_291' title='bbox 497 3597 578 3638; x_wconf 91' lang='lat' dir='ltr'>more</span> <span class='ocrx_word' id='word_1_292' title='bbox 603 3589 653 3638; x_wconf 89' lang='lat' dir='ltr'>aut</span> <span class='ocrx_word' id='word_1_293' title='bbox 676 3579 740 3655; x_wconf 88' lang='lat' dir='ltr'>lege</span> <span class='ocrx_word' id='word_1_294' title='bbox 761 3579 801 3638; x_wconf 90' lang='lat' dir='ltr'>sit</span> <span class='ocrx_word' id='word_1_295' title='bbox 824 3570 924 3655; x_wconf 87' lang='lat' dir='ltr'>opinio</span> <span class='ocrx_word' id='word_1_296' title='bbox 953 3581 1111 3639; x_wconf 85' lang='lat' dir='ltr'>constituta</span> <span class='ocrx_word' id='word_1_297' title='bbox 1180 3632 1183 3637; x_wconf 91' lang='lat'><em>.</em></span> <span class='ocrx_word' id='word_1_298' title='bbox 1227 3656 1233 3663; x_wconf 89' lang='lat'><em>.</em></span> 
     </span>
     <span class='ocr_line' id='line_1_36' title="bbox 58 3633 1202 3832; baseline 0.001 -98"><span class='ocrx_word' id='word_1_299' title='bbox 58 3633 292 3779; x_wconf 40' lang='lat' dir='ltr'>maneatquff</span> <span class='ocrx_word' id='word_1_300' title='bbox 304 3693 396 3733; x_wconf 90' lang='lat' dir='ltr'>unum</span> <span class='ocrx_word' id='word_1_301' title='bbox 383 3651 644 3832; x_wconf 46' lang='lat' dir='ltr'>ommugrma</span> <span class='ocrx_word' id='word_1_302' title='bbox 661 3676 826 3746; x_wconf 88' lang='lat' dir='ltr'>consensio,</span> <span class='ocrx_word' id='word_1_303' title='bbox 842 3676 871 3733; x_wconf 92' lang='lat' dir='ltr'>in</span> <span class='ocrx_word' id='word_1_304' title='bbox 873 3676 968 3752; x_wconf 87' lang='lat' dir='ltr'>tellegi</span> <span class='ocrx_word' id='word_1_305' title='bbox 986 3695 1109 3735; x_wconf 91' lang='lat' dir='ltr'>necesse</span> <span class='ocrx_word' id='word_1_306' title='bbox 1196 3676 1202 3687; x_wconf 83' lang='lat'>&#39;</span> 
     </span>
     <span class='ocr_line' id='line_1_37' title="bbox 18 3769 1213 3857; baseline -0.003 -23"><span class='ocrx_word' id='word_1_307' title='bbox 18 3794 44 3834; x_wconf 74' lang='grc' dir='ltr'>ιε</span> <span class='ocrx_word' id='word_1_308' title='bbox 57 3782 104 3832; x_wconf 90' lang='lat' dir='ltr'>est</span> <span class='ocrx_word' id='word_1_309' title='bbox 122 3789 189 3831; x_wconf 88' lang='lat' dir='ltr'>esse</span> <span class='ocrx_word' id='word_1_310' title='bbox 203 3769 286 3844; x_wconf 86' lang='lat' dir='ltr'>deos,</span> <span class='ocrx_word' id='word_1_311' title='bbox 300 3771 440 3847; x_wconf 88' lang='lat' dir='ltr'>quoniam</span> <span class='ocrx_word' id='word_1_312' title='bbox 460 3790 515 3833; x_wconf 88' lang='lat' dir='ltr'>msr</span> <span class='ocrx_word' id='word_1_313' title='bbox 580 3790 682 3832; x_wconf 90' lang='lat' dir='ltr'>eorum</span> <span class='ocrx_word' id='word_1_314' title='bbox 695 3772 742 3831; x_wconf 84' lang='lat' dir='ltr'>vel</span> <span class='ocrx_word' id='word_1_315' title='bbox 759 3771 857 3847; x_wconf 88' lang='lat' dir='ltr'>potius</span> <span class='ocrx_word' id='word_1_316' title='bbox 874 3771 988 3832; x_wconf 87' lang='lat' dir='ltr'>innatas</span> <span class='ocrx_word' id='word_1_317' title='bbox 1008 3773 1109 3848; x_wconf 88' lang='lat' dir='ltr'>cogni·</span> <span class='ocrx_word' id='word_1_318' title='bbox 1127 3780 1213 3855; x_wconf 54' lang='lat'>3¹⁰</span> <span class='ocrx_word' id='word_1_319' title='bbox 1168 3798 1206 3857; x_wconf 62' lang='lat' dir='ltr'>p..</span> 
     </span>
    </p>
   </div>
   <div class='ocr_carea' id='block_1_6' title="bbox 0 0 1256 4170">
    <p class='ocr_par' dir='ltr' id='par_1_9' title="bbox 0 0 1256 4170">
     <span class='ocr_line' id='line_1_38' title="bbox 0 0 1256 4170; baseline 0 1"><span class='ocrx_word' id='word_1_320' title='bbox 0 0 1256 4170; x_wconf 95' lang='lat' dir='ltr'> </span> 
     </span>
    </p>
   </div>
  </div>
 </body>
</html>
