2504 4170
113 249 154 310 34
442 247 491 294 na
512 247 656 294 riarum
680 246 838 295 pronun.

77 401 231 464 ratarum
260 411 338 458 certe
368 419 428 458 non
455 411 561 475 potest,
585 409 617 458 ut
644 400 708 475 plus
737 419 796 457 una
822 419 890 458 vera
917 402 962 459 sit.
1006 402 1075 477 Qua
1102 404 1168 479 qui-

111 498 180 555 dem
209 499 238 555 in
266 517 354 554 causa
381 508 410 555 et
437 498 587 554 benivolos
616 498 814 572 obiurgatores
843 499 959 572 placare
987 509 1018 556 et
1051 500 1168 559 invidos

110 596 319 669 vituperatores
354 595 503 652 confutare
538 605 703 667 possumus,
731 604 763 650 ut
800 595 905 653 alteros
940 597 1168 671 reprehendisse

111 692 265 766 paeniteat,
294 692 375 748 alteri
403 690 539 747 didicisse
571 708 602 746 se
631 691 777 764 gaudeant
788 712 796 763 3
826 710 895 748 nam
924 693 975 766 qui
1002 694 1168 752 admonent

79 810 93 849 o
112 790 215 859 amice,
230 788 358 846 docendi
373 798 448 858 sunt,
464 787 513 860 qui
534 787 651 844 inimice
669 788 857 859 insectantur,
872 790 1044 863 repellendi.
1088 792 1166 849 Mul·
1186 813 1197 850 s

111 895 173 942 tum
188 896 284 943 autem
299 885 413 941 fluxisse
428 882 515 941 video
534 883 572 940 de
594 884 672 941 libris
693 885 806 955 nostris,
823 903 898 958 quos
912 888 1072 960 compluris
1086 888 1168 946 brevi

111 992 243 1056 tempore
265 981 418 1051 edidimus,
441 981 610 1055 variumque
632 998 798 1038 sermonem
823 983 927 1056 partim
949 983 1167 1056 admirantium,

111 1079 191 1136 unde
205 1079 262 1137 hoc
277 1078 504 1153 philosophandi
523 1078 607 1134 nobis
624 1078 721 1134 subito
739 1076 870 1135 studium
885 1080 1035 1151 extitisset,
1049 1083 1167 1155 partim,

111 1175 183 1250 quid
197 1194 312 1250 quaque
332 1174 369 1233 de
391 1194 426 1233 re
444 1176 514 1233 certi
536 1175 718 1245 haberemus,
734 1175 807 1230 scire
830 1177 1020 1249 cupientium.
1064 1179 1168 1236 Multis

112 1274 199 1330 etiam
213 1273 289 1330 sensi
304 1273 432 1330 mirabile
446 1272 537 1330 videri
553 1291 617 1329 earn
633 1271 718 1328 nobis
732 1271 917 1345 potissimum
933 1274 1086 1347 probatam
1101 1293 1167 1333 esse
1181 1298 1203 1324 ιο

111 1369 334 1444 philosophiam,
356 1388 431 1443 quae
452 1371 550 1427 lucem
573 1369 696 1442 eriperet
719 1377 749 1425 et
771 1369 854 1441 quasi
873 1380 993 1427 noctem
1014 1372 1167 1445 quandam

110 1468 196 1524 rebus
211 1465 383 1536 offunderet,
398 1466 589 1540 desertaeque
605 1465 776 1539 disciplinae
795 1474 825 1521 et
845 1466 902 1522 iam
917 1466 1032 1540 pridem
1046 1469 1166 1526 relictae

111 1563 305 1638 patrocinium
320 1565 527 1636 necopinatum
543 1583 559 1620 a
576 1563 660 1621 nobis
680 1580 743 1619 esse
764 1574 943 1636 susceptum.
987 1565 1051 1621 Nos
1066 1576 1166 1623 autem

110 1679 167 1717 nee
196 1660 293 1718 subito
321 1661 472 1734 coepimus
501 1660 698 1735 philosophari
727 1678 782 1716 nec
812 1660 993 1717 mediocrem
1023 1679 1040 1718 a
1068 1663 1165 1736 primo

111 1767 243 1832 tempore
261 1758 361 1813 aetatis
382 1758 409 1813 iu
432 1775 468 1815 eo
490 1757 587 1814 studio
608 1775 727 1831 operam
750 1775 909 1830 curamque
927 1759 1165 1832 consumpsimus
1179 1779 1202 1817 ¹⁵

111 1865 149 1926 et,
178 1874 247 1912 cum
275 1856 393 1911 minime
421 1854 599 1924 videbamur,
629 1865 690 1911 tum
720 1855 846 1911 maxime
876 1854 1164 1929 philosophabamur,

110 1952 192 2026 quod
214 1962 243 2009 et
266 1953 411 2007 orationes
433 1951 581 2008 declarant
603 1952 724 2009 refertae
749 1951 992 2026 philosophorum
1013 1955 1164 2011 sententiis

110 2060 140 2107 et
162 2049 398 2106 doctissimorum
424 2049 576 2105 hominum
601 2048 814 2119 familiaritates
838 2050 944 2123 quihus
970 2068 1087 2125 semper
1108 2051 1162 2111 do

110 2166 175 2204 mus
188 2158 287 2229 nostra
308 2145 410 2213 floruit,
426 2154 454 2200 et
475 2145 622 2219 principes
643 2145 691 2215 illi,
709 2145 866 2214 Diodotus,
884 2146 975 2218 Philo,
990 2129 1162 2220 Antiochus

78 2254 91 2297 7
111 2232 294 2313 Posidonius
310 2261 326 2298 a
341 2243 445 2315 quibus
461 2242 581 2299 instituti
601 2261 709 2300 sumus.
754 2244 791 2299 Et
807 2243 830 2298 si
844 2245 943 2301 omnia
958 2244 1161 2319 philosophiae
1176 2273 1201 2300 ω

109 2350 267 2416 praecepta
293 2339 453 2395 reseruntur
475 2338 512 2395 ad
536 2340 633 2409 vitam,
656 2339 827 2397 arbitramur
851 2358 905 2398 nos
930 2352 960 2398 et
984 2342 1108 2416 publicis
1133 2353 1163 2400 et

109 2438 225 2512 privatis
248 2437 279 2493 in
300 2437 387 2492 rebus
409 2453 444 2493 ea
468 2436 652 2510 praestitisse,
674 2455 749 2511 quae
773 2437 846 2494 ratio
871 2447 901 2494 et
923 2436 1057 2495 doctrina
1078 2456 1162 2514 prae-

75 2535 262 2610 4scripserit.
305 2534 354 2591 Sin
376 2544 473 2590 autem
496 2534 560 2607 quis
581 2534 708 2609 requirit,
733 2553 809 2608 quae
831 2552 921 2592 cansa
941 2553 995 2593 nos
1017 2535 1161 2610 inpulerit,

109 2642 141 2690 ut
155 2631 228 2689 haec
246 2641 306 2688 tam
327 2649 392 2689 sero
413 2631 512 2689 litteris
535 2631 749 2700 mandaremus,
765 2631 836 2688 nihil
857 2642 910 2703 est,
926 2631 1007 2706 quod
1022 2633 1162 2707 expedire

109 2737 169 2785 tam
186 2728 270 2785 facile
291 2729 446 2802 possimus.
489 2729 567 2785 Nam
588 2748 657 2786 cum
679 2728 740 2785 otio
761 2728 973 2802 langueremus,
989 2738 1019 2785 et
1039 2729 1063 2786 is
1085 2741 1162 2789 esset
1175 2752 1199 2790 τε

109 2825 150 2883 rei
164 2825 299 2900 publicae
313 2834 412 2894 status,
427 2834 459 2882 ut
480 2844 545 2882 earn
567 2827 651 2884 unius
674 2824 796 2882 consilio
817 2834 905 2898 atque
925 2844 994 2882 cura
1007 2827 1163 2899 gubernari

109 2940 230 2980 necesse
251 2931 336 2992 esset,
353 2922 479 2996 primum
502 2923 590 2996 ipsius
612 2923 653 2981 rei
676 2923 811 2997 publicae
835 2940 924 2980 causa
946 2922 1162 2997 philosophiam

108 3019 212 3076 nostris
233 3019 398 3076 hominibus
420 3018 624 3092 explicandam
645 3020 744 3093 putavi
766 3020 864 3094 magni
885 3019 1052 3076 existimans
1073 3021 1161 3078 inter·

109 3133 172 3173 esse
194 3113 233 3172 ad
253 3113 344 3171 decus
367 3123 397 3171 et
421 3112 460 3171 ad
485 3114 602 3172 laudem
625 3116 747 3173 civitatis
771 3133 817 3173 res
843 3126 902 3172 tarn
926 3117 1018 3190 gravis
1041 3127 1161 3192 tamque

77 3213 268 3286 spraeclaras
297 3211 405 3268 Latinis
433 3211 521 3267 etiam
549 3210 649 3269 litteris
676 3213 838 3284 contineri3
870 3229 966 3286 eoque
991 3231 1038 3270 me
1065 3214 1161 3273 minus
1176 3236 1201 3274 ³0

108 3308 229 3377 instituti
246 3308 303 3366 mei
325 3309 463 3383 paenitet,
485 3306 567 3380 quod
588 3308 672 3379 facile
693 3310 797 3378 sentio,
814 3327 903 3382 quam
926 3311 1082 3367 multorum
1099 3330 1161 3369 non

108 3404 200 3463 modo
214 3404 357 3476 discendi,
373 3404 427 3461 sed
442 3405 529 3460 etiam
545 3404 691 3462 scribendi
706 3405 802 3462 studia
816 3408 1037 3464 commoverim.
1069 3408 1159 3466 Com-

108 3502 204 3576 plures
219 3502 296 3558 enim
318 3501 438 3560 Graecis
460 3500 687 3558 institutionibus
709 3501 813 3559 eruditi
835 3519 879 3571 ea,
895 3520 970 3574 quae
986 3501 1160 3576 didicerant,

108 3617 176 3656 cum
199 3599 309 3656 civibus
332 3598 390 3655 suis
412 3596 632 3653 communicare
654 3615 715 3654 non
738 3606 881 3670 poteraut,
905 3597 986 3671 quod
1009 3598 1063 3668 illa,
1083 3617 1160 3672 quae

108 3713 126 3754 a
147 3695 267 3753 Graecis
289 3693 481 3768 accepissent,
504 3691 608 3750 Latine
629 3691 689 3749 dici
709 3709 795 3767 posse
817 3691 993 3770 diffiderent.
1037 3695 1106 3769 Quo
1127 3696 1158 3754 in
1171 3718 1197 3756 ³⁵
