2504 4170
123 274 185 338 154
446 267 495 318 ore
516 266 661 319 Narona
682 265 844 318 booron.

119 429 149 485 in
164 422 290 484 Arcadia
302 440 363 481 non
378 422 465 497 longe
480 439 498 479 a
513 421 600 480 Lusio
612 413 733 479 ¹flumine
747 419 914 495 sepulcrum
927 429 958 479 et
971 420 1054 481 lucus
1072 431 1156 483 osten

77 524 207 586 raditur.
240 521 408 596 Apollinum
423 519 638 592 antiquissimus
653 518 685 588 is,
701 535 790 592 quem
804 518 891 592 paulo
905 529 994 576 antea
1007 538 1024 577 e
1037 521 1157 578 Vulcano

120 631 222 678 natum
243 636 308 675 esse
329 616 399 686 dixi,
414 614 569 672 custodem
590 614 780 686 Athenarum,
803 615 874 671 alter
894 614 1069 690 Corybantis
1087 617 1157 688 filius,

121 729 205 775 natus
228 717 257 773 in
280 714 377 784 Creta,
401 713 482 769 cuius
505 710 543 768 de
567 711 615 768 illa
636 711 729 768 insula
750 729 819 769 cum
843 712 914 770 Iove
937 713 1003 786 ipso
1025 723 1160 770 certamen

121 813 206 871 luisse
231 810 360 878 traditur,
386 809 486 865 tertius
511 808 582 864 Iove
607 808 693 865 tertio
718 816 802 865 natus
826 818 856 865 et
879 809 1001 880 Latona,
1025 827 1111 884 quem
1131 827 1180 869 err

123 907 324 984 Hyperboreis
336 904 469 979 Delphos
483 904 578 961 serunt
592 903 754 975 advenisse,
766 914 883 979 quartus
898 905 928 961 in
939 904 1074 976 Arcadia,
1085 923 1161 980 quen

122 1005 252 1064 Arcades
266 1003 374 1077 Νόμων
388 1001 545 1076 appellant,
560 999 642 1075 quod
655 1001 694 1058 ab
708 1018 745 1058 eo
759 1000 885 1076 seleges
899 1001 995 1059 serunt
1015 1003 1161 1076 accepisse.

84 1115 110 1156 aa
124 1103 236 1161 Dianae
258 1102 329 1159 item
349 1099 455 1174 plures,
471 1098 565 1172 prima
579 1097 657 1155 lovis
672 1107 701 1155 et
716 1098 916 1172 Proserpinae,
931 1116 1008 1172 quae
1022 1099 1163 1174 pinnatum

123 1199 301 1274 Cupidinem
323 1197 465 1272 genuisse
480 1193 595 1265 dicitur,
615 1192 748 1252 secunda
766 1195 871 1264 notior,
887 1212 976 1269 qoam
999 1195 1070 1253 Iove
1090 1195 1163 1252 tertio

123 1307 153 1354 et
168 1297 281 1354 Latona
298 1304 397 1351 natam
416 1292 595 1366 accepimus,
611 1291 712 1349 tertiae
730 1300 813 1365 pater
827 1291 902 1365 Upis
916 1291 1048 1363 traditur,
1063 1292 1163 1351 Glauce
1172 1315 1189 1345 s

123 1403 233 1464 mater;
262 1409 328 1448 eam
356 1407 444 1465 saepe
470 1388 576 1447 Graeci
601 1388 692 1462 Upim
720 1397 842 1462 paterno
870 1388 990 1446 nomine
1019 1389 1164 1464 appellant

124 1490 271 1564 Dionysos
293 1488 399 1545 multos
421 1486 571 1555 habemus,
586 1485 712 1559 primum
728 1484 800 1540 Iove
821 1493 851 1541 et
871 1485 1046 1560 Proserpina
1065 1496 1165 1555 natum,

124 1585 287 1645 secundum
309 1584 387 1654 Nilo,
403 1582 452 1658 qui
473 1583 584 1657 Nysam
605 1580 711 1638 dicitur
730 1580 919 1653 interemisse,
937 1582 1054 1639 tertium
1069 1582 1165 1641 Cabiro

124 1694 217 1758 patre,
234 1699 361 1757 eumque
375 1699 476 1755 regem
490 1680 577 1736 Asiae
594 1678 751 1752 praefuisse
773 1677 885 1750 dicunt,
900 1679 949 1736 cui
970 1679 1091 1738 Sabazia
1109 1687 1167 1738 sunt

124 1781 261 1851 instituta,
284 1788 418 1853 quartum
444 1778 515 1835 Iove
540 1786 570 1833 et
594 1776 686 1846 Luna,
709 1776 757 1833 cui
782 1794 864 1833 sacra
885 1776 1018 1851 Orphica
1041 1785 1191 1852 putantum

124 1878 242 1949 confici,
256 1877 389 1951 quintum
404 1875 479 1932 Niso
496 1884 597 1931 natum
611 1883 641 1930 et
655 1872 789 1947 Thyone,
804 1891 822 1930 a
836 1890 896 1947 quo
909 1872 1088 1932 Trieterides
1106 1891 1167 1930 con·

86 1975 240 2033 restitutae
262 1983 407 2048 putantur.
448 1972 548 2030 Venus
567 1971 661 2046 prima
675 1969 765 2029 Caelo
785 1980 815 2027 et
830 1971 887 2027 Die
901 1980 979 2042 nata,
994 1971 1078 2028 cuius
1092 1968 1167 2028 Elide

125 2071 279 2130 delubrum
293 2071 428 2141 vidimus,
444 2070 532 2127 altera
546 2088 651 2144 spuma
668 2079 829 2144 procreata,
843 2086 881 2126 ex
899 2087 958 2143 qua
979 2078 1009 2126 et
1032 2068 1168 2127 Mercurio

126 2168 305 2243 Cupidinem
330 2166 493 2225 secundum
518 2177 620 2224 natum
644 2166 821 2241 accepimus,
848 2166 932 2222 tertia
957 2166 1029 2224 Iove
1055 2175 1122 2223 nata
1146 2172 1169 2221 et

126 2267 233 2337 Diona,
248 2283 323 2339 quae
337 2265 435 2338 nupsit
448 2264 591 2334 Volcano,
606 2262 660 2321 sed
674 2281 712 2320 ex
729 2280 765 2320 ea
786 2273 815 2320 et
838 2265 932 2320 Marte
954 2272 1040 2320 natus
1054 2265 1195 2320 Anteros„

126 2362 240 2434 dicitur,
256 2372 358 2437 quarta
378 2361 458 2436 Syria
480 2361 637 2436 Cyproque
658 2368 813 2435 concepta,
829 2377 904 2434 quae
919 2361 1035 2417 Astarte
1049 2369 1170 2429 vocatur,

125 2478 215 2534 quam
236 2458 367 2517 Adonidi
388 2458 520 2532 nupsisse
541 2457 690 2532 proditum
711 2467 765 2515 est.
809 2457 942 2515 Minerva
965 2458 1070 2532 prima,
1092 2472 1171 2532 quam

126 2556 268 2631 Apollinis
296 2565 419 2613 matrem
446 2572 533 2629 supra
561 2554 695 2625 diximus,
724 2553 855 2612 secunda
886 2564 950 2611 orta
981 2553 1062 2626 Nilo,
1091 2569 1172 2629 quam

126 2653 261 2727 Aegyptii
275 2653 369 2710 Saitae
389 2652 497 2722 colunt,
512 2652 596 2708 tertia
615 2653 671 2722 illa,
688 2670 776 2726 quam
790 2670 809 2708 a
824 2652 895 2708 Iove
909 2661 1080 2725 generatam
1094 2667 1173 2726 supra

127 2748 262 2820 diximus,
277 2759 378 2823 quarta
399 2749 470 2806 Iove
491 2759 560 2805 nata
581 2759 610 2806 et
632 2750 778 2824 Coryphe,
798 2748 912 2808 Oceani
933 2748 1000 2818 filia,
1016 2766 1106 2823 quam
1126 2750 1199 2805 nr-ss

127 2844 216 2902 cades
245 2844 350 2918 Κορίαν
377 2846 531 2903 nominant
559 2855 588 2903 et
623 2845 827 2921 quadrigarum
856 2845 1047 2902 inventricem
1076 2845 1173 2913 serunt,

127 2942 228 3016 quinta
249 2941 392 3012 Pallantis,
415 2960 490 3016 quae
515 2953 627 3016 patrem
653 2942 758 3000 dicitur
783 2941 963 3000 interemisse
985 2941 1174 3016 virginitatem

90 3056 115 3096 eo
128 3056 210 3095 suam
224 3037 330 3095 violare
345 3049 512 3108 conantem,
529 3039 576 3096 cui
591 3040 746 3113 pinnarum
760 3039 858 3096 talaria
876 3037 1018 3112 adfigunt.
1061 3035 1174 3113 Cupido

128 3135 237 3209 primus
259 3135 407 3193 Mercurio
428 3145 457 3192 et
478 3135 576 3193 Diana
595 3136 689 3211 prima
709 3145 794 3193 natus
808 3135 921 3205 dicitur,
936 3133 1087 3194 secundus
1100 3136 1174 3193 Mer-

128 3231 209 3289 curio
231 3240 259 3288 et
280 3232 394 3289 Venere
416 3231 556 3303 secunda,
571 3233 680 3304 tertius,
698 3232 748 3307 qui
769 3231 849 3290 idem
870 3240 914 3289 est
934 3232 1069 3303 Anteros,
1086 3233 1205 3290 Marter⁰

128 3336 158 3384 et
176 3328 292 3385 Venere
316 3329 408 3386 tertia.
451 3331 548 3404 Atque
573 3328 647 3386 haec
672 3328 792 3405 quidem
814 3329 927 3404 aliaque
952 3326 1021 3386 eius
1039 3328 1123 3388 modi
1142 3344 1176 3385 ex

127 3434 224 3482 vetere
239 3425 382 3483 Graeciae
396 3424 474 3482 lama
488 3426 612 3483 collecta
625 3435 701 3495 sunt,
713 3426 817 3500 quibus
831 3424 972 3499 intellegis
986 3425 1176 3484 resistendum

129 3538 202 3591 esse,
218 3538 255 3579 ne
270 3521 475 3595 perturbentur
488 3522 651 3598 religiones.
692 3522 788 3580 Vestri
803 3530 900 3579 autem
914 3539 975 3579 non
995 3520 1088 3580 modo
1107 3522 1176 3580 haec

127 3633 189 3674 non
209 3617 351 3689 refellunt,
367 3634 466 3675 verum
487 3619 576 3676 etiam
596 3619 771 3677 confirmant
791 3617 1021 3693 interpretando,
1041 3632 1176 3694 quorsum

128 3713 258 3788 quidque
285 3713 438 3789 pertineat.
479 3714 538 3774 Sed
565 3732 603 3774 eo
630 3715 699 3790 iam,
727 3714 807 3775 unde
835 3715 894 3775 huc
921 3713 1044 3791 digressi
1071 3721 1206 3785 sumana

128 3819 312 3869 revertamur.
