2504 4170
128 238 171 304 50
455 239 503 287 DE
525 239 670 290 NATURA
694 240 855 290 DEORUM.

126 391 307 452 deliberandi
328 392 382 452 sibi
403 411 494 451 unum
509 392 589 451 diem
609 394 764 468 postulavit
774 414 783 467 ;
803 412 874 452 curn
894 394 978 454 idern
1001 413 1041 454 ex
1059 413 1097 456 eo
1116 414 1172 474 pos

125 491 210 549 tridie
226 502 385 566 quaereret,
400 491 522 550 biduum
537 491 657 566 petivit;
679 510 746 549 cum
768 492 884 568 saepius
899 492 1070 568 duplicaret
1084 513 1171 554 nume

125 608 189 648 rum
218 588 331 647 dierum
360 587 563 662 admiransque
594 589 687 645 Hiero
715 589 881 662 requireret,
907 608 963 647 cur
997 591 1040 649 ita
1066 592 1172 663 faceret,

126 687 261 762 ‘Quia,
286 694 436 760 quanto
466 683 620 742 diutius
646 684 895 756 considero’,
921 687 1029 763 inquit,
1053 692 1172 747 ‘tanto

124 784 220 841 mihi
254 801 316 841 res
346 781 509 839 videtur
543 782 783 840 obscurior'.
824 781 884 840 Sed
909 783 1088 844 Simoniden
1111 787 1172 844 arbi-

124 891 184 939 tror
202 883 278 956 (non
293 881 371 938 enim
386 879 474 954 poeta
488 880 582 937 solum
603 880 706 951 suavis,
721 880 926 937 verumetiam
940 884 1098 958 ceteroqui
1112 883 1172 942 doc·

124 988 170 1035 tus
185 979 358 1052 sapiensque
379 975 529 1050 traditur),
544 976 612 1050 quia
633 976 722 1034 multa
736 977 866 1033 venirent
887 977 918 1034 in
941 989 1076 1039 mentem
1099 991 1173 1039 acuu

124 1084 213 1149 atque
235 1074 359 1145 subtilia,
381 1073 574 1144 dubitantem,
597 1072 668 1147 quid
690 1091 792 1131 eorum
814 1084 891 1131 esset
912 1075 1110 1150 verissimum,
1130 1078 1172 1137 de·

86 1183 110 1224 or
124 1189 255 1245 sperasse
270 1189 390 1229 omnem
403 1172 562 1229 veritatem.
605 1169 749 1244 Epicurus
763 1188 832 1227 vero
853 1180 920 1228 tuus
940 1172 1028 1246 (narn
1051 1193 1121 1233 cum
1134 1175 1173 1233 illo

124 1264 201 1326 malo
223 1267 363 1326 disserere
385 1286 474 1343 quam
495 1267 609 1341 tecum)
629 1265 700 1341 quid
717 1266 797 1338 dicit,
813 1266 895 1342 quod
915 1286 979 1326 non
1000 1271 1097 1330 modo
1119 1273 1173 1348 phi·

123 1366 257 1440 losophia
271 1365 392 1440 dignum
407 1375 492 1436 esset,
507 1363 561 1421 sed
576 1362 718 1421 mediocri
732 1363 908 1439 prudentia?

165 1463 320 1536 Quaeritur
339 1463 466 1536 primum
487 1462 517 1518 in
538 1479 574 1518 ea
587 1461 768 1535 quaestione,
783 1479 857 1535 quae
873 1470 917 1518 est
931 1461 970 1521 de
986 1473 1094 1524 natura
1111 1465 1174 1526 deo

122 1578 197 1630 rum,
212 1560 306 1616 sintne
328 1558 358 1615 di
379 1575 474 1615 necne
495 1558 560 1615 sint.
604 1556 730 1615 Difficile
753 1568 797 1615 est
817 1576 933 1633 negare.
977 1561 1091 1634 Credo,
1107 1565 1174 1622 siin

123 1656 262 1714 contione
283 1665 447 1731 quaeratur,
472 1653 576 1712 sedin
602 1653 687 1710 huius
713 1653 796 1712 modi
824 1673 960 1713 sermone
984 1667 1015 1715 et
1038 1677 1174 1719 consessu

122 1754 302 1813 facillimum.
357 1754 460 1826 Itaque
489 1769 545 1825 ego
573 1752 636 1825 ipse
661 1751 802 1825 pontifex,
827 1752 876 1826 qui
904 1755 1104 1816 caerimonias
1137 1776 1173 1816 re·

121 1853 302 1927 ligionesque
320 1850 451 1925 publicas
472 1847 653 1906 sanctissime
675 1847 799 1905 tuendas
820 1849 990 1919 arbitror,is
1012 1852 1083 1926 hoc,
1098 1854 1174 1930 quod

121 1949 248 2025 primum
263 1957 315 2018 est,
330 1964 394 2005 esse
409 1944 491 2016 deos,
506 1944 673 2019 persuaderi
689 1945 759 2002 mihi
774 1963 835 2003 non
850 1945 991 2020 opinione
1007 1951 1115 2023 solum,
1127 1950 1174 2010 sed

121 2048 210 2104 etiam
231 2043 269 2101 ad
289 2044 439 2101 veritatem
461 2042 547 2116 plane
561 2042 657 2099 velim.
701 2042 796 2099 Multa
816 2043 895 2099 enim
916 2059 1088 2120 occurrunt,
1104 2067 1174 2124 quae

82 2155 108 2194 m
121 2143 305 2210 conturbent,
326 2150 359 2197 ut
379 2139 525 2197 interdum
546 2140 615 2196 nulli
638 2157 701 2197 esse
716 2139 877 2199 videantur.
920 2141 979 2200 Sed
994 2144 1074 2218 vide,
1090 2165 1173 2222 quam

120 2251 220 2298 tecum
234 2256 318 2312 agam
333 2236 505 2308 liberaliter,
527 2254 602 2311 quae
618 2238 787 2295 communia
801 2248 868 2296 sunt
881 2238 965 2297 vobis
980 2259 1051 2300 cum
1073 2245 1194 2303 ceteris·

119 2335 310 2412 philosophis,
325 2352 386 2392 non
400 2334 549 2407 attingam,
565 2342 596 2390 ut
611 2334 668 2390 hoc
684 2334 799 2409 ipsum;
820 2336 917 2410 placet
936 2337 1018 2395 enim
1038 2342 1173 2399 omnibus

120 2435 178 2491 lere
193 2432 321 2506 mihique
336 2431 390 2506 ipsi
411 2431 441 2487 in
462 2430 561 2504 primis
576 2429 648 2487 deos
663 2448 736 2488 esse.
780 2433 884 2506 Itaque
905 2451 966 2490 non
987 2452 1091 2510 pugno
1102 2458 1111 2509 3
1133 2456 1172 2495 ra·

119 2532 231 2588 tionem
244 2539 343 2586 tamen
358 2546 434 2597 eam,
449 2544 557 2601 quaea
576 2536 606 2584 te
627 2526 762 2599 adfertur,
777 2547 837 2586 non
859 2530 926 2586 satis
949 2530 1065 2590 firmam
1094 2544 1172 2610 puto.

76 2633 113 2689 28
121 2626 211 2701 Quod
236 2626 314 2682 enim
339 2625 471 2683 omniurn
496 2625 627 2698 gentium
653 2643 852 2701 generumque
878 2626 1046 2702 hominibus
1072 2630 1114 2689 ita
1133 2632 1172 2689 vi·

119 2722 245 2792 deretur,
257 2721 288 2780 id
302 2723 370 2780 satis
385 2738 523 2795 magnum
538 2732 741 2796 argumentum
756 2741 820 2781 esse
836 2723 941 2793 dixisti,
954 2743 1006 2781 cur
1020 2743 1087 2786 esse
1101 2729 1196 2792 deoss

118 2820 332 2877 confiteremur.
376 2816 466 2892 Quod
487 2836 556 2874 cum
577 2819 640 2876 leve
661 2837 714 2894 per
734 2838 774 2891 se,
789 2830 852 2877 tum
877 2820 965 2877 etiam
989 2821 1097 2882 salsum
1121 2835 1170 2884 est

119 2918 247 2974 Primum
262 2916 340 2973 enim
355 2913 435 2972 unde
449 2913 501 2971 tibi
515 2926 602 2973 notae
617 2925 685 2973 sunt
699 2917 852 2990 opiniones
867 2918 1040 2977 nationum?
1084 2922 1171 2998 Equi-

118 3014 189 3073 dem
204 3014 324 3072 arbitror
338 3015 441 3072 multas
456 3032 520 3071 esse
535 3024 636 3089 gentes
651 3016 692 3072 sic
708 3015 876 3072 inmanitate
892 3016 1033 3091 efferatas,
1045 3030 1079 3078 ut
1093 3020 1171 3098 apud

79 3129 105 3171 us
118 3130 167 3170 eas
181 3112 261 3169 nulla
274 3112 401 3186 suspicio
416 3110 539 3169 deorum
554 3113 598 3170 sit.
642 3111 743 3186 Quid?
785 3113 935 3186 Diagoras,
951 3113 1029 3176 ἄθεος
1043 3118 1096 3191 qui
1111 3118 1170 3177 dic·

117 3219 163 3267 tus
186 3219 239 3282 est,
260 3219 420 3282 posteaque
444 3208 619 3266 Theodorus
643 3226 742 3265 nonne
767 3219 865 3282 aperte
891 3209 1013 3267 deorum
1038 3223 1197 3282 naturamu

118 3306 313 3363 sustulerunt?
355 3306 432 3363 Nam
458 3304 612 3362 Abderites
637 3304 758 3379 quidem
784 3307 962 3378 Protagoras,
986 3309 1070 3368 cuius
1099 3332 1117 3371 a
1143 3323 1170 3371 te

118 3401 209 3460 modo
224 3403 335 3460 mentio
348 3403 426 3459 sacta
446 3412 499 3472 est,
515 3401 658 3475 sophistes
680 3401 859 3475 temporibus
881 3400 935 3458 illis
949 3403 995 3459 vel
1016 3409 1170 3479 maximus,

118 3518 186 3555 cum
201 3499 230 3555 in
244 3499 388 3574 principio
402 3498 465 3555 libri
481 3498 523 3555 sic
542 3497 704 3572 posuisset:
728 3498 800 3554 ‘De
829 3496 911 3554 divi
921 3517 949 3568 s,
971 3518 1017 3557 ne
1028 3521 1047 3575 q
1057 3523 1105 3562 ue
1134 3515 1172 3564 ut

117 3594 199 3651 sint
223 3613 350 3669 neque
379 3604 419 3652 ut
446 3612 522 3652 non
547 3594 644 3662 sint,
668 3592 796 3650 habeo
821 3592 986 3665 dicere’,
1010 3599 1172 3660 Athenien·

117 3691 193 3749 sium
217 3690 295 3749 iussu
315 3692 386 3751 urbe
407 3701 494 3767 atque
517 3709 586 3768 agro
608 3697 652 3747 est
676 3688 881 3747 exterminatus
905 3690 1026 3764 librique
1052 3697 1118 3758 eius
1141 3700 1199 3767 inas
