2504 4170
368 292 434 343 un.
451 292 501 343 111.
533 293 748 344 cmxnr-xv.
782 295 813 359 rr
826 295 916 360 ³2-38·
1106 298 1167 365 ¹47

100 455 202 504 tantur
225 462 292 504 uno
315 444 427 516 modo;
455 446 504 522 qui
527 447 666 523 quoniam
687 446 759 523 quid
781 447 894 507 diceret
914 449 1042 525 intellegi
1064 451 1166 524 noluit,

102 543 279 602 omittamus
290 563 300 616 3
329 560 382 601 vos
406 553 505 601 autern
529 545 569 601 ita
592 543 698 615 dicitis,
724 563 844 603 ornnem
868 546 926 604 vim
951 565 1015 605 esse
1041 548 1165 622 igneam,

103 640 207 714 itaque
233 648 265 697 et
289 639 454 711 animantis
478 659 546 698 curn
571 641 650 698 calor
673 641 822 713 defecerit,
845 652 908 700 turn
932 644 1057 716 interire,
1083 655 1112 703 et
1136 647 1167 704 in

103 736 190 794 omni
218 745 326 793 natura
352 754 447 794 rerum
471 735 503 794 id
526 737 631 807 vivere,
657 736 687 795 id
711 739 817 813 vigere,
842 739 924 813 quod
951 741 1054 799 caleat.
1100 743 1166 817 Ego

71 850 87 892 s
105 842 210 893 autem
224 850 288 890 non
302 833 448 908 intellego,
463 852 523 908 quo
540 833 631 892 modo
648 834 744 892 calore
766 835 896 893 extincto
917 855 1041 912 corpora
1061 839 1166 896 intere·

105 938 169 999 ant,
194 947 257 987 non
280 929 425 987 intereant
445 948 547 989 umore
569 940 619 989 aut
641 931 741 1006 spiritu
764 932 880 1002 amisso,
904 935 1072 1007 praesertim
1098 954 1167 993 curn

106 1025 258 1086 intereant
277 1026 368 1083 etiarn
388 1026 479 1085 nimio
501 1026 605 1086 calore.
649 1027 747 1101 Quam
766 1028 806 1086 ob
824 1046 886 1086 rem
904 1027 935 1086 id
949 1030 1069 1104 quidem
1083 1049 1165 1089 corn·
1178 1051 1205 1093 er

107 1140 202 1182 mune
216 1132 262 1180 est
276 1121 315 1180 de
331 1122 447 1195 calido;
466 1142 566 1181 verum
579 1134 679 1182 tamen
692 1123 844 1183 videamus
859 1126 979 1184 exitum.
1013 1128 1059 1185 Ita
1071 1128 1166 1201 voltis,

108 1220 227 1295 opinor,
250 1219 323 1278 nihil
347 1236 411 1277 esse
435 1220 542 1278 animal
565 1220 737 1278 intrinsecus
763 1221 793 1278 in
817 1232 919 1279 natura
942 1232 1030 1297 atque
1053 1222 1167 1283 mundo

70 1325 228 1391 „praeter
249 1315 360 1392 ignem.
403 1315 461 1389 Qui
484 1317 575 1391 magis
597 1334 685 1391 quam
708 1328 823 1392 praeter
844 1319 982 1390 animam,
1004 1319 1083 1378 unde
1104 1321 1166 1378 ani·

109 1414 256 1473 mantium
270 1430 391 1488 quoque
405 1423 520 1471 constet
534 1414 657 1485 animus,
673 1432 711 1472 ex
723 1432 784 1488 quo
804 1415 912 1472 animal
930 1415 1056 1474 dicitur?
1097 1416 1167 1490 Quo

109 1510 206 1570 modo
219 1520 321 1569 autern
335 1509 402 1582 hoc,
418 1510 501 1585 qnasi
518 1510 708 1582 concedatur,
722 1512 843 1583 sumitis,
858 1512 931 1570 nihil
951 1531 1015 1570 esse
1036 1514 1167 1571 animum

109 1608 169 1667 nisi
189 1607 312 1684 ignem?
337 1607 514 1682 probabilius
535 1608 614 1665 enim
635 1606 750 1665 videtur
774 1609 831 1665 tale
855 1607 998 1683 quiddam
1019 1628 1083 1668 esse
1104 1611 1166 1668 ani·

110 1722 205 1775 mum,
220 1713 253 1762 ut
265 1704 304 1762 sit
318 1721 356 1762 ex
369 1703 428 1779 igni
442 1713 529 1778 atque
544 1705 642 1762 anima
654 1714 858 1779 temperatum.
901 1705 1016 1779 Quodsi
1037 1707 1110 1782 ignis
1130 1725 1167 1765 err

73 1829 98 1868 ις
110 1819 179 1860 sese
193 1801 256 1876 ipse
270 1799 380 1859 animal
394 1811 438 1858 est
451 1800 530 1858 nulla
543 1819 574 1858 se
588 1801 645 1858 alia
657 1800 839 1860 admiscente
855 1811 965 1873 natura,
977 1805 1117 1877 quoniam
1131 1804 1165 1875 is,

111 1916 184 1956 cum
197 1897 274 1956 inest
292 1897 324 1955 in
338 1897 510 1972 corporibus
523 1898 637 1968 nostris,
653 1897 750 1967 efficit,
766 1907 798 1954 ut
811 1899 979 1970 sentiamus,
993 1918 1055 1958 non
1068 1909 1168 1975 potest

111 1995 177 2071 ipse
200 2011 265 2053 esse
286 1993 350 2052 sine
369 2011 467 2051 sensu.
508 1995 619 2052 Rursus
640 1992 747 2051 eadem
767 1993 827 2051 diei
844 2005 986 2068 possunt:
1014 1996 1168 2071 Quidquid

112 2101 159 2150 est
181 2091 270 2163 enirn,
285 2089 368 2166 quod
388 2108 506 2148 sensum
525 2091 640 2163 habeat,
655 2089 686 2148 id
703 2107 825 2148 necesse
844 2100 889 2149 est
903 2093 1007 2150 sentiat
1021 2103 1052 2150 et
1064 2094 1167 2168 volup-

111 2199 206 2248 tatem
227 2197 258 2246 et
277 2187 410 2246 dolorem
421 2207 429 2259 3
457 2187 496 2245 ad
516 2205 605 2262 quern
626 2198 724 2245 autem
745 2186 830 2246 dolor
849 2189 954 2260 veniat,
976 2190 1015 2247 ad
1039 2190 1168 2248 eundern

74 2286 204 2345 aetiam
226 2284 377 2344 interitum
397 2284 504 2341 venire.
547 2285 592 2341 Ita
613 2284 654 2355 fit,
674 2294 707 2342 ut
728 2302 766 2341 ne
790 2284 888 2358 ignem
909 2285 1030 2360 quidem
1051 2286 1168 2345 efficere

112 2383 233 2460 possitis
251 2391 414 2440 aeternum.
456 2380 537 2454 Quid
554 2382 654 2439 enirn?
673 2399 735 2440 non
756 2380 868 2439 eisdem
882 2382 964 2441 vobis
985 2382 1082 2457 placet
1103 2403 1167 2442 om·
1179 2405 1206 2451 er

112 2498 184 2538 nem
206 2480 307 2554 ignem
329 2487 427 2553 pastus
450 2476 579 2552 indigere
603 2496 659 2535 nec
682 2495 853 2552 permanere
876 2478 934 2536 ullo
957 2478 1048 2537 modo
1070 2498 1167 2555 posse,

112 2577 170 2634 nisi
192 2575 306 2634 alatur?
329 2573 368 2632 ali
389 2584 487 2632 autem
507 2574 610 2645 solem,
634 2574 742 2644 lunam,
765 2574 876 2648 reliqua
898 2584 976 2632 astra
999 2577 1091 2650 aquis,
1112 2577 1169 2635 alia

113 2672 260 2743 dulcibus,
281 2670 339 2729 alia
358 2671 496 2729 marinis?
537 2671 670 2745 Eamque
688 2689 807 2728 causam
821 2670 980 2729 Cleanthes
1000 2671 1101 2743 adfert,
1116 2692 1169 2731 cur

76 2788 146 2831 *εκ
167 2770 212 2828 sol
232 2768 340 2827 reserat
360 2785 416 2825 nec
437 2767 550 2842 longius
571 2765 772 2842 progrediatur
792 2766 932 2824 solstitiali
953 2767 1017 2825 orbi
1037 2768 1168 2845 itemque

112 2866 246 2939 brumali,
271 2882 311 2924 ne
334 2864 448 2939 longius
473 2863 606 2921 discedat
631 2881 648 2920 a
672 2863 749 2920 cibo.
792 2865 863 2921 Hoc
890 2871 985 2921 toturn
1010 2865 1094 2938 quale
1119 2867 1167 2939 sit,

112 2981 183 3022 mox
193 2984 202 3037 ;
227 2979 310 3021 nunc
331 2970 430 3019 autem
450 2959 642 3018 concludatur
657 2957 747 3016 illud:
774 2958 856 3034 quod
877 2960 993 3017 interire
1014 2961 1115 3035 possit,
1136 2961 1168 3020 id

112 3071 267 3119 aeternum
287 3075 350 3116 non
368 3075 432 3114 esse
447 3066 566 3122 natura3
589 3058 686 3130 ignem
704 3065 801 3113 autern
821 3056 1003 3114 interiturum
1024 3075 1098 3129 esse,
1113 3058 1168 3116 nisi

113 3158 223 3229 alatur3
245 3172 309 3213 non
323 3171 387 3211 esse
402 3154 488 3228 igitur
501 3162 602 3210 natura
616 3153 712 3226 ignem
729 3153 948 3227 sempiternum.

77 3284 102 3323 φ
153 3253 282 3329 Qualem
303 3259 402 3308 autem
423 3248 512 3307 deum
534 3249 699 3323 intellegere
721 3266 775 3305 nos
797 3267 951 3323 possumus
971 3250 1049 3308 nulla
1063 3232 1211 3340 virtutegff

72 3372 75 3377 ’
112 3348 301 3426 praeditum?
349 3344 429 3419 Quid
449 3345 549 3403 enirn?
576 3344 800 3420 prudentiamne
822 3344 881 3402 deo
900 3346 1069 3417 tribuemus,
1091 3365 1166 3420 quae

106 3456 228 3506 constat
242 3463 282 3503 ex
297 3442 420 3501 scientia
432 3460 529 3500 rerum
543 3442 686 3500 bonarum
701 3451 731 3498 et
744 3441 886 3498 malarum
900 3451 930 3498 et
948 3459 1005 3499 nec
1023 3442 1166 3500 bonarum

105 3532 166 3601 'nec
184 3539 354 3602 malarum?
393 3539 451 3597 Cui
468 3538 535 3596 mali
556 3538 628 3595 nihil
649 3549 770 3596 estnec
791 3555 855 3595 esse
876 3546 983 3611 potest,
1005 3536 1077 3612 quid
1098 3538 1166 3596 huic

110 3656 184 3716 opus
206 3647 254 3698 est
278 3635 389 3694 dilectu
410 3635 556 3694 bonomm
578 3644 608 3693 et
630 3633 794 3692 malorum?
820 3630 892 3707 quid
914 3643 1013 3691 autem
1033 3634 1168 3692 ratione?

74 3734 180 3816 aqud
197 3730 424 3809 intellegentia?
446 3730 552 3808 quibus
570 3731 679 3790 utimur
698 3728 738 3789 ad
758 3747 825 3788 eam
844 3746 917 3800 rem,
934 3738 966 3787 ut
985 3729 1092 3805 apertis
1113 3729 1166 3788 ob·
