2504 4170
199 218 244 282 60
528 235 577 284 oa
598 236 744 287 narum
767 235 926 287 pronun.

199 386 299 445 hortus
314 385 414 446 habuit
434 387 577 447 licentiae.
621 391 659 446 Et
679 390 777 449 soletis
797 391 878 465 queri
889 411 897 462 ;
919 391 1000 448 Zeno
1021 389 1148 465 quidem
1168 391 1250 450 etiam

198 484 335 559 litigabat.
378 484 459 558 Quid
473 485 570 543 dicam
586 487 763 545 Albucium?
804 488 881 544 Nam
896 485 1031 544 Phaedro
1045 488 1121 544 nihil
1140 488 1250 563 elegan-

198 584 264 653 tius,
286 581 357 639 nihil
378 581 532 640 humanius
544 604 551 654 3
577 583 630 640 sed
652 584 888 641 stomachabatur
908 601 1007 654 senex,
1029 584 1054 641 si
1076 585 1152 659 quid
1173 603 1250 660 aspe-

198 681 256 737 rius
284 678 424 748 dixeram,
449 697 517 736 cum
547 680 690 754 Epicurus
718 680 902 738 Aristotelem
927 681 1037 737 vexarit
1058 683 1250 740 contumelio·

198 778 320 848 sissime,
336 775 487 834 Phaedoni
508 777 658 834 Socratico
679 777 843 851 turpissime
858 776 933 834 male
948 775 1062 847 dixerit,
1079 778 1250 850 Metrodori,

198 873 305 932 sodalis
319 875 372 945 sui,
387 873 512 943 fratrem,
526 873 723 945 Timocraten,
738 875 807 949 quia
820 875 920 931 nescio
935 872 1007 948 quid
1021 874 1051 930 in
1065 874 1206 950 philosop
1229 876 1244 924 ”.

198 970 371 1043 dissentiret,
386 971 453 1028 totis
468 970 663 1028 voluminibus
681 970 850 1040 conciderit,
866 971 896 1027 in
917 971 1124 1028 Democritum
1147 972 1250 1046 ipsum,

197 1086 288 1143 quem
318 1078 435 1125 secutus
465 1076 518 1138 est,
546 1067 630 1124 luerit
663 1067 799 1141 ingratus,
828 1067 1049 1141 Nausiphanen,
1082 1069 1251 1143 magistrum

153 1170 292 1235 lllsuum,
315 1183 332 1222 a
354 1182 414 1239 quo
437 1163 589 1221 nonnihil
612 1161 763 1233 didicerat,
789 1173 848 1221 tam
871 1163 947 1221 male
970 1164 1129 1238 acceperit.
1173 1167 1251 1223 Zeno

197 1262 318 1336 quidem
340 1280 401 1319 non
423 1280 475 1319 eos
497 1261 601 1330 solum,
624 1260 673 1334 qui
698 1270 759 1317 turn
785 1268 875 1329 erant,
901 1259 1124 1334 Apollodorum,
1152 1262 1251 1334 Silum,

197 1368 320 1430 ceteros,
343 1359 450 1433 figebat
472 1357 642 1428 maledictis,
657 1356 711 1414 sed
732 1357 871 1415 Socraten
892 1357 997 1432 ipsum,
1012 1367 1168 1431 parentem
1189 1359 1251 1434 phi

197 1456 356 1530 losophiae,
372 1456 476 1512 Latino
498 1454 588 1512 verbo
609 1462 693 1511 utens
714 1472 841 1510 scurram
862 1454 991 1510 Atticum
1012 1452 1101 1512 fuisse
1122 1454 1251 1528 dicebat,

158 1561 183 1603 ⁹⁴
198 1552 394 1627 Chrysippum
408 1570 569 1626 numquam
582 1551 638 1608 nisi
652 1551 845 1625 Chrysippam
858 1550 1002 1621 vocabat;
1024 1559 1055 1607 tu
1077 1551 1143 1625 ipse
1165 1554 1246 1628 paul·

196 1659 264 1707 ante
280 1667 348 1706 curn
369 1659 519 1723 tamquam
540 1658 673 1705 senatum
695 1646 936 1722 philosophorum
957 1647 1102 1719 recitares,
1119 1667 1251 1709 summos

195 1748 271 1804 viros
299 1745 441 1821 desipere,
466 1744 597 1814 delirare,
625 1743 769 1801 dementis
798 1761 861 1800 esse
889 1742 1018 1801 dicebas.
1062 1745 1200 1818 Quorum
1228 1749 1250 1806 si

195 1862 284 1902 nemo
299 1861 398 1901 verum
412 1842 484 1902 vidit
498 1842 536 1900 de
551 1852 653 1900 natura
667 1840 800 1910 deorum,
814 1840 975 1898 verendum
990 1851 1043 1910 est,
1059 1859 1096 1899 ne
1118 1845 1200 1902 nulla
1216 1846 1239 1903 si

195 1942 326 1999 omnino.
368 1941 446 1998 Nam
467 1940 530 2010 ista,
553 1957 628 2014 quae
649 1957 702 1997 vos
723 1937 828 2008 dicitis,
852 1947 919 1995 sunt
943 1947 1005 1995 tota
1029 1942 1250 2013 commenticia,

194 2039 242 2096 vix
266 2037 355 2113 digna
378 2037 578 2095 lucubratione
602 2035 799 2106 anicularum;
828 2052 889 2092 non
912 2036 990 2092 enim
1012 2036 1134 2108 sentitis,
1160 2057 1251 2114 quam

195 2135 286 2192 multa
308 2134 391 2192 vobis
418 2131 604 2208 suscipienda
631 2132 696 2203 sint,
722 2133 745 2190 si
773 2131 955 2206 inpetraritis,
984 2143 1015 2189 ut
1047 2134 1251 2194 concedamus

194 2231 321 2289 eandem
343 2230 494 2288 hominum
519 2247 583 2288 esse
608 2239 637 2287 et
659 2228 783 2286 deorum
804 2229 935 2304 liguram.
977 2230 1081 2289 Omnis
1102 2232 1200 2291 cultus
1221 2244 1251 2292 et

194 2330 305 2387 curatio
333 2328 462 2402 corporis
492 2327 545 2384 erit
572 2326 676 2384 eadem
706 2325 875 2385 adhibenda
902 2326 969 2399 deo,
993 2345 1069 2402 quae
1093 2327 1251 2389 adhibetur

195 2426 315 2496 homini,
337 2425 490 2500 ingressus,
511 2442 620 2494 cursuS,
642 2424 798 2495 accubitio,
821 2425 978 2496 inclinati0,
1000 2426 1100 2498 sessi0,
1123 2445 1249 2504 conpre-

156 2534 182 2575 ω
195 2522 305 2593 hensi0,
331 2521 370 2579 ad
394 2531 557 2580 extremum
581 2521 669 2578 etiam
693 2540 789 2579 sermo
814 2532 842 2578 et
870 2523 982 2594 oratio;
1011 2540 1080 2580 nam
1107 2525 1192 2598 quod
1221 2536 1250 2584 et

194 2621 279 2678 maris
307 2618 380 2677 deos
408 2629 438 2676 et
467 2618 589 2675 seminas
618 2636 683 2676 esse
718 2618 823 2690 dicitis,
852 2619 923 2694 quid
958 2629 1103 2693 sequatur,
1132 2621 1248 2687 videtis.

194 2716 342 2791 Equidem
370 2715 465 2772 mirari
492 2714 560 2772 satis
585 2733 645 2771 non
667 2733 796 2789 possum,
822 2715 900 2773 unde
929 2715 968 2774 ad
995 2715 1062 2774 istas
1091 2718 1248 2792 opiniones

192 2824 287 2871 vester
310 2813 357 2870 ille
381 2812 518 2887 princeps
541 2812 660 2869 venerit.
702 2811 761 2871 Sed
788 2811 912 2870 clamare
941 2832 1001 2871 non
1024 2812 1156 2873 desinitis
1180 2817 1248 2874 reti·

192 2909 324 2968 nendum
351 2909 409 2967 hoc
434 2925 508 2979 esse,
532 2905 606 2965 deus
633 2916 665 2965 ut
691 2909 795 2967 beatus
821 2909 1038 2985 inmortalisque
1067 2911 1113 2969 sit.
1166 2913 1248 2987 Quid

193 2992 292 3065 autern
306 3008 411 3079 obstat,
427 3024 487 3080 quo
505 3004 600 3062 minus
621 3005 657 3062 sit
677 3005 788 3077 beatus,
803 3006 827 3064 si
848 3025 908 3064 non
929 3007 966 3065 sit
986 3007 1091 3083 bipes?
1110 3018 1162 3066 aut
1183 3010 1247 3082 ista,

193 3104 252 3162 sive
280 3104 402 3162 beatitas
430 3103 490 3161 sive
517 3100 670 3160 beatitudo
697 3101 825 3160 dicenda
852 3113 896 3161 est
924 3103 1094 3180 (utrumque
1122 3107 1247 3165 omnino

192 3199 307 3272 durum,
329 3200 382 3258 sed
403 3219 456 3258 usu
478 3197 637 3257 mollienda
656 3198 741 3257 nobis
754 3200 844 3257 verba
862 3200 958 3274 sunt),
973 3220 1074 3260 verum
1096 3219 1140 3272 ea,
1155 3221 1246 3277 quae·

192 3314 320 3372 cumque
334 3306 388 3368 est,
403 3315 455 3354 cur
473 3305 523 3354 aut
543 3295 574 3352 in
594 3296 686 3353 solem
707 3296 787 3353 illum
808 3307 858 3355 aut
878 3298 908 3354 in
929 3297 1008 3355 hunc
1029 3298 1174 3356 mundum
1195 3311 1247 3358 aut

192 3393 222 3451 in
244 3394 370 3467 aliquam
393 3403 524 3452 mentem
546 3401 693 3450 aeternam
715 3393 807 3468 figura
826 3394 1023 3468 membrisque
1044 3396 1174 3469 corporis
1195 3417 1245 3455 va·

153 3499 180 3541 ao
192 3508 279 3547 cuam
296 3488 401 3547 cadere
422 3509 483 3548 non
504 3491 622 3566 potest?
662 3489 743 3547 Nihil
763 3489 842 3547 aliud
863 3489 937 3548 dieis
958 3491 1030 3549 nisi:
1054 3492 1245 3565 ‘Numquam

191 3585 250 3642 vidi
278 3584 371 3642 solem
399 3596 449 3645 aut
476 3582 620 3646 inundilm
647 3586 785 3645 beatum!
829 3586 931 3661 Quid?
957 3586 1100 3646 mundum
1130 3600 1247 3662 praeter

191 3679 271 3740 hunc
294 3698 473 3757 umquamne
497 3681 614 3744 vidisti?
651 3680 790 3755 Negabis.
833 3681 893 3741 Cur
916 3681 1001 3757 igitur
1024 3701 1085 3744 non
1109 3695 1245 3745 sescenta
