2504 4170
126 258 186 320 116
449 271 497 320 ms
516 271 661 321 aarum
684 271 844 322 osonum.

76 429 207 484 115llaec
230 427 325 483 omnis
347 425 496 500 discriptio
518 425 645 482 siderum
667 436 753 501 atque
775 426 823 483 hic
844 436 945 486 tantus
968 430 1043 488 caeli
1065 443 1168 490 ornatus

121 544 156 581 ex
172 525 341 598 corporibus
357 525 414 580 huc
430 536 458 579 et
480 524 546 579 illuc
568 543 637 580 casu
660 534 689 580 ct
710 534 819 581 temere
842 528 1032 584 cursantibus
1054 530 1168 603 potuisse

121 622 196 678 effici
226 622 362 694 cuiquam
393 639 463 677 sano
486 620 574 676 videri
597 621 715 694 potest?
738 632 788 678 aut
808 639 878 678 vero
901 623 959 680 alia
980 642 1059 698 quae
1081 637 1168 683 natura

121 720 226 776 mentis
242 730 270 775 et
285 719 402 774 rationis
419 737 521 791 expers
538 719 609 774 haec
630 717 745 775 efficere
768 720 884 793 potuit?
904 738 983 794 quae
1007 741 1068 780 non
1090 723 1168 781 modo

120 829 152 874 ut
167 816 268 873 fierent
283 817 393 872 ratione
410 826 559 889 eguerunt,
575 815 628 872 sed
643 816 769 891 intellegi
788 816 885 891 qualia
905 818 965 876 sint
987 819 1052 877 sine
1066 839 1188 879 summat

120 915 230 970 ratione
247 932 305 970 non
321 924 452 987 possunt.

76 1023 114 1077 45
162 1013 227 1068 Nec
248 1029 317 1067 vero
340 1009 413 1066 haec
441 1010 535 1067 solum
561 1010 750 1080 admirabilia,
772 1010 825 1068 sed
853 1011 926 1070 nihil
956 1015 1061 1085 maius,
1090 1033 1168 1090 quarn

120 1108 202 1183 quod
217 1109 257 1164 ita
271 1109 378 1165 stabilis
397 1118 440 1165 est
462 1107 588 1164 mundus
610 1119 697 1181 atque
720 1109 759 1165 ita
779 1107 919 1167 cohaeret
941 1110 980 1167 ad
1003 1129 1167 1186 permanen·

120 1205 201 1275 dum,
217 1217 248 1262 ut
263 1206 333 1261 nihil
348 1224 385 1261 ne
400 1205 558 1278 excogitari
574 1204 695 1279 quidem
710 1205 800 1279 possit
815 1207 920 1280 aptius,
965 1207 1081 1266 Omnes
1099 1210 1167 1267 enim
1211 1192 1214 1265 s

120 1314 216 1377 partes
231 1303 293 1359 eius
308 1301 438 1375 undique
454 1301 583 1358 medium
599 1303 697 1359 locum
713 1313 900 1377 capessentes
914 1304 1050 1363 nituntur
1071 1324 1166 1381 acqua·
1177 1327 1193 1354 ιο

120 1401 191 1457 liter.
235 1400 365 1457 Maxime
380 1411 478 1456 autem
494 1417 618 1473 corpora
639 1399 713 1455 inter
734 1418 764 1456 se
786 1400 886 1456 iuncta
906 1413 1094 1475 permanent,
1109 1423 1168 1462 cum

120 1498 201 1570 quasi
224 1497 353 1571 quodam
375 1496 490 1552 vinculo
520 1495 701 1552 circumdato
723 1497 913 1570 colligantur;
943 1500 1029 1573 quod
1050 1502 1119 1559 sacit
1139 1520 1169 1559 ca

120 1606 230 1664 natura,
247 1614 321 1668 (prae
337 1612 389 1668 per
404 1612 521 1649 omnem
539 1592 682 1649 mnndum
697 1595 796 1650 omnia
810 1605 910 1652 mente
925 1607 955 1653 et
969 1598 1084 1656 ratione
1106 1617 1168 1657 con·

120 1693 221 1748 ficiens
249 1691 379 1748 funditur
407 1702 437 1747 ct
464 1690 503 1747 ad
531 1690 662 1746 medium
690 1692 765 1764 rapit
792 1702 821 1748 et
856 1696 1000 1752 convertit
1037 1708 1168 1754 extrema.

77 1799 113 1838 116
122 1791 277 1863 Quocirca,
300 1790 322 1846 si
346 1787 472 1845 mundus
494 1789 630 1862 globosus
653 1799 696 1845 est
717 1789 756 1846 ob
778 1807 903 1863 eamque
925 1809 1048 1851 causam
1073 1812 1194 1854 omnesu

120 1889 181 1944 eius
197 1898 292 1960 partes
308 1886 438 1960 undique
455 1886 620 1958 aequabiles
636 1885 716 1959 ipsae
731 1904 829 1959 perse
844 1897 932 1961 atque
955 1889 1033 1947 inter
1054 1910 1086 1949 se
1107 1910 1169 1950 con·

121 1986 256 2054 tinemut,
279 1985 447 2057 contingere
469 1983 549 2040 idem
571 1993 663 2040 terrae
685 2001 805 2040 necesse
827 1995 880 2054 est,
902 1996 934 2042 ut
955 1990 1095 2047 omnibus
1115 1990 1169 2046 eius

120 2083 248 2157 partibus
264 2083 291 2137 in
308 2081 439 2137 medium
453 2082 637 2155 vergentibus
657 2080 703 2154 (id
718 2092 814 2138 autem
837 2082 970 2140 medium
992 2085 1126 2144 infimum
1145 2087 1170 2144 in

121 2180 244 2253 sphaera
258 2180 316 2246 est)
336 2179 405 2235 nihil
421 2179 618 2252 interrumpat,
634 2197 694 2252 quo
709 2178 874 2236 labefactari
891 2182 984 2254 possit
1003 2192 1086 2241 tanta
1107 2202 1169 2242 con·

121 2278 212 2333 tentio
234 2277 377 2349 gravitatis
398 2286 427 2331 et
449 2275 622 2349 ponderum.
667 2275 839 2350 Eademque
861 2278 973 2336 ratione
995 2299 1086 2353 mare,
1109 2300 1198 2340 cuma

121 2392 208 2448 supra
222 2384 326 2430 terram
341 2374 385 2441 sit,
403 2373 533 2428 medium
549 2383 647 2429 tamen
664 2383 755 2429 terrae
771 2375 869 2430 locum
892 2386 1037 2450 expetens
1058 2380 1169 2455 conglo-

121 2470 205 2528 batur
234 2470 362 2544 undique
392 2471 580 2542 aequabiliter
608 2488 704 2543 neque
732 2470 878 2528 redundat
906 2492 1050 2549 umquam
1079 2494 1170 2552 neque
1211 2488 1214 2501 ¹

77 2568 286 2625 titellunditur.
332 2570 411 2624 Huic
426 2578 524 2623 autern
541 2569 695 2624 continens
717 2571 766 2625 aer
786 2569 874 2624 fertur
895 2570 941 2626 ille
963 2573 1087 2646 quidem
1107 2574 1169 2631 levi·

122 2674 180 2722 tate
195 2666 328 2734 sublime,
344 2664 396 2722 sed
412 2675 509 2721 tamen
525 2665 554 2721 in
569 2684 672 2722 omnes
688 2678 782 2740 partes
804 2684 835 2722 se
857 2667 919 2741 ipse
941 2669 1039 2728 fundit
1048 2692 1057 2744 ;
1079 2673 1170 2747 itaque

122 2773 151 2819 et
167 2763 237 2818 mari
253 2763 437 2818 continuatus
460 2773 488 2818 et
510 2764 624 2820 iunctus
646 2775 689 2820 est
711 2775 740 2821 et
761 2777 861 2821 natura
882 2765 972 2823 sertur
992 2767 1031 2825 ad
1053 2769 1197 2838 caelone

122 2861 204 2917 cuius
220 2861 358 2917 tenuitate
375 2870 403 2916 et
418 2860 514 2917 calore
530 2871 707 2934 temperatus
730 2862 845 2919 vitalem
866 2872 896 2918 et
917 2864 1073 2924 salutarem
1095 2866 1169 2941 spiri·

121 2967 183 3015 tum
199 2959 318 3032 praebet
333 2959 536 3016 animantibus.
581 2960 679 3032 Quem
695 2960 849 3033 complexa
869 2979 984 3018 summa
1005 2981 1073 3038 pars
1094 2962 1168 3033 caeli,

123 3073 198 3128 quae
213 3055 340 3112 aetheria
355 3055 468 3126 dicitur,
486 3066 515 3113 et
530 3075 614 3113 suum
629 3058 732 3113 retinet
751 3057 883 3114 ardorem
905 3069 1026 3116 tenuem
1049 3071 1077 3118 et
1099 3060 1170 3119 nulla

123 3153 302 3209 admixtione
325 3164 501 3211 concretum
518 3164 547 3210 et
576 3172 644 3210 curn
672 3156 744 3211 aeris
772 3155 953 3212 extremitate
982 3159 1169 3234 coniungitur.

78 3251 159 3309 tuln
175 3249 292 3305 aethere
307 3259 404 3308 autem
427 3262 503 3307 astra
516 3251 678 3320 volvuntur,
695 3269 769 3324 quae
791 3269 822 3309 se
845 3264 874 3308 et
894 3252 959 3310 nisu
980 3273 1035 3312 suo
1056 3255 1197 3331 conglos⁰

122 3347 190 3404 bata
205 3348 358 3404 continent
373 3358 401 3404 et
415 3350 507 3406 forma
522 3349 584 3422 ipsa
599 3349 748 3423 figuraque
763 3368 816 3405 sua
831 3361 981 3408 momenta
995 3362 1169 3422 sustentant;

123 3454 189 3500 sunt
204 3444 282 3501 enirn
296 3445 431 3515 rotunda,
443 3445 547 3518 quihus
562 3446 669 3515 formis,
684 3457 715 3502 ut
729 3457 796 3502 ante
811 3447 917 3504 dixisse
932 3448 1043 3521 videor,
1057 3450 1169 3508 minime

79 3542 222 3602 ttsnoceri
240 3550 347 3616 potest.
389 3543 461 3599 Sunt
482 3555 578 3599 autem
601 3544 698 3600 stellae
721 3557 822 3600 natura
842 3543 995 3604 flammeae
1007 3567 1015 3618 ;
1039 3549 1171 3622 quocirca

123 3648 225 3708 terrae,
241 3639 336 3706 maris,
352 3655 490 3710 aquarum
506 3642 658 3714 vaporibus
673 3642 843 3713 alunturiis,
859 3643 941 3715 quia
962 3644 1023 3701 sole
1044 3642 1171 3720 exagris

123 3735 276 3811 tepefactis
301 3744 332 3793 et
361 3751 396 3789 ex
423 3737 505 3810 aquis
533 3739 704 3812 excitantur,
732 3740 836 3814 quibus
861 3740 935 3797 altae
960 3751 1200 3817 renovataeque!
