2504 4170
353 281 419 330 cru.
431 281 453 331 1.
487 281 548 331 cn.
565 283 647 344 xxv,
658 284 754 333 xxvi.
789 283 819 347 §a
832 284 921 348 6a74.
1121 283 1161 350 53

108 433 197 494 Idem
225 435 296 492 facit
319 435 350 493 in
373 444 477 493 natura
498 435 640 508 deorum3
668 436 741 495 dum
765 436 982 497 individuomm
1006 454 1163 512 corpomm
1176 450 1200 493 n

108 533 332 590 concretionem
346 533 425 607 fugit,
440 550 478 590 ne
493 532 623 590 interitus
638 543 668 591 et
682 533 833 608 dissipatio
854 544 1060 610 consequatur,
1075 545 1162 610 negat

108 647 172 686 esse
187 646 296 703 corpus
311 627 442 700 deorum,
458 628 512 687 sed
532 639 683 704 tamquam
703 648 819 706 corpus,
833 649 891 688 nec
912 632 1093 705 sanguinem,
1108 631 1162 690 sed

108 735 260 801 tamquam
274 726 455 800 sanguinem.
498 727 632 785 Mirabile
646 727 768 798 videtur,
784 726 866 802 quod
885 745 946 786 non
963 726 1057 786 rideat
1077 729 1206 787 ham-28

77 840 190 898 sspex,
205 840 275 880 curn
296 822 479 896 haruspicem
501 821 605 881 viderit
615 843 624 896 ;
646 824 890 895 hocmirabilius,
912 823 995 899 quod
1015 843 1067 883 vos
1088 825 1163 884 inter

108 938 161 978 vos
174 921 264 978 risum
279 929 378 978 tenere
395 921 521 995 possitis.
563 922 652 980 ‘Non
666 932 710 980 est
723 939 840 996 corpus,
856 921 909 980 sed
930 923 1013 997 quasi
1033 925 1160 998 corpus’

110 1018 181 1075 Hoc
196 1017 395 1091 intellegerem
409 1017 494 1092 quale
509 1026 594 1090 esset,
609 1018 677 1077 siin
690 1019 766 1076 ceris
779 1018 936 1094 fingeretur
957 1028 1006 1076 aut
1026 1019 1161 1078 fictilibus

108 1113 207 1188 figuris
218 1133 226 1185 ;
254 1113 283 1170 in
308 1113 366 1171 deo
386 1113 458 1188 quid
481 1115 519 1172 sit
540 1114 640 1189 ‘quasi
663 1117 787 1190 corpus’
813 1125 863 1173 aut
891 1116 991 1190 ‘quasi
1018 1117 1160 1191 sanguis’,

109 1210 276 1284 intellegere
302 1228 364 1268 non
387 1228 508 1286 possum
519 1230 527 1282 ;
555 1228 594 1269 ne
616 1220 648 1269 tu
672 1210 803 1286 quidem,
828 1212 930 1284 Vellei,
955 1211 1009 1270 sed
1033 1231 1094 1270 non
1118 1215 1160 1271 vis

70 1327 96 1354 ιο
108 1307 199 1365 fateri.
242 1308 303 1365 Ista
326 1307 406 1364 enim
428 1325 447 1364 a
466 1307 549 1366 vobis
570 1309 653 1381 quasi
677 1307 787 1366 dictata
807 1307 976 1383 redduntur,
992 1327 1068 1383 quae
1090 1309 1160 1384 Epi·
1173 1319 1199 1362 n

107 1421 196 1460 curus
223 1403 350 1461 oscitans
381 1403 561 1462 halucinatus
592 1415 645 1476 est,
674 1425 743 1464 cum
772 1405 894 1480 quidem
924 1406 1100 1480 gloriaretur,
1128 1414 1161 1465 ut

107 1498 243 1558 videmus
263 1500 293 1557 in
314 1499 437 1576 scriptis,
459 1518 490 1558 se
511 1501 680 1576 magistrum
701 1502 836 1561 habuisse
858 1503 977 1560 nullum.
1021 1501 1112 1576 Quod
1133 1504 1161 1560 ei

108 1614 171 1654 non
198 1595 380 1671 praedicanti
407 1607 506 1655 tamen
533 1598 617 1656 facile
641 1599 780 1674 equidem
805 1598 967 1671 crederem,
992 1600 1066 1657 sicut
1093 1598 1161 1658 mali

108 1692 236 1753 aedificii
260 1692 382 1753 domino
406 1694 539 1770 glorianti
560 1713 592 1753 se
613 1695 804 1753 architectum
824 1714 885 1753 non
907 1695 1042 1754 habuisse
1052 1717 1061 1768 3
1089 1696 1160 1754 nihil

69 1811 95 1850 1⁵
109 1791 189 1848 enim
213 1790 273 1849 olet
293 1808 330 1848 ex
350 1789 521 1863 Academia,
542 1792 614 1850 nihil
634 1810 671 1850 ex
693 1793 793 1868 Lycio,
814 1792 886 1849 nihil
906 1810 943 1850 ne
964 1810 982 1849 e
1002 1793 1160 1867 puerilibus

109 1886 230 1962 quidem
251 1886 420 1963 disciplinis.
461 1890 649 1947 Xenocraten
669 1890 769 1947 audire
791 1890 894 1965 potuit,
909 1907 998 1964 quem
1011 1890 1114 1962 virum,
1129 1890 1160 1949 di

108 1984 296 2045 inmortales!
317 1994 347 2043 et
370 1995 438 2043 sunt
458 1986 510 2061 qni
529 1996 634 2061 putent
653 1985 769 2045 audisse
780 2007 788 2058 ;
811 1988 872 2061 ipse
894 2004 955 2044 non
969 1987 1028 2044 vult
1038 2007 1046 2058 ;
1068 1988 1159 2045 credo
1192 1968 1202 1981 ⁵*

107 2083 174 2158 plus
195 2082 315 2141 nemini.
358 2082 542 2157 Pamphilum
562 2082 721 2158 quendam,
745 2083 871 2141 Platonis
892 2082 1065 2154 auditorem,
1082 2085 1121 2142 ait
1142 2102 1160 2142 a

108 2197 141 2240 se
155 2181 235 2239 Sarni
248 2179 400 2252 auditum;
422 2180 462 2238 ibi
476 2180 555 2238 enim
575 2179 748 2238 adulescens
769 2180 917 2238 habitabat
938 2198 1007 2237 curn
1028 2191 1109 2254 patre
1130 2190 1160 2239 et

67 2295 96 2326 το
108 2276 251 2348 fratribus,
266 2276 348 2351 quod
362 2277 392 2335 in
406 2294 472 2335 eam
487 2286 570 2352 pater
583 2277 645 2334 eins
661 2277 788 2334 Neocles
806 2277 936 2351 agripeta
948 2287 1084 2349 venerat3
1107 2277 1160 2335 sed

108 2393 178 2432 curn
193 2374 301 2449 agellus
316 2392 384 2432 eum
398 2391 459 2431 non
475 2373 544 2431 satis
565 2374 663 2442 aleret,
678 2382 710 2430 ut
731 2373 843 2447 opinor,
859 2372 921 2431 ludi
941 2373 1078 2448 magister
1097 2373 1158 2432 luit.

107 2469 167 2530 Sed
182 2470 262 2529 hunc
276 2470 459 2529 Platonicum
477 2469 597 2528 mirifice
618 2470 781 2528 contemnit
802 2471 965 2545 Epicurus;
987 2470 1027 2526 ita
1047 2470 1158 2541 metuit,
1172 2481 1197 2524 7³

106 2585 146 2628 ne
160 2566 235 2643 quid
247 2586 388 2642 umquam
402 2566 540 2626 didicisse
553 2566 694 2625 videatur.
738 2568 774 2624 In
793 2566 983 2642 Nausiphane
1005 2567 1158 2624 Democri·

106 2674 158 2724 teo
172 2675 287 2723 tenetur
297 2685 306 2735 ;
327 2683 416 2739 quern
432 2683 500 2722 curn
519 2683 538 2722 a
555 2682 587 2722 se
608 2682 669 2722 non
689 2673 778 2739 neget
798 2663 940 2735 auditum,
954 2673 1040 2721 vexat
1061 2672 1159 2721 tamen

67 2783 93 2822 πε
106 2762 244 2821 omnibus
257 2762 451 2821 contumeliis.
492 2761 582 2836 Atqui
595 2762 619 2820 si
633 2761 706 2819 haec
729 2761 919 2819 Democritea
938 2778 1000 2818 non
1020 2759 1158 2832 audisset,

106 2857 179 2933 qnid
193 2857 345 2917 audierat?
364 2858 437 2933 quid
451 2868 494 2918 est
508 2858 679 2934 inphysicis
702 2858 821 2933 Epicuri
843 2875 903 2915 non
927 2875 945 2914 a
966 2857 1160 2915 Democrito?

107 2956 187 3013 Nam
209 2955 263 3014 etsi
284 2954 431 3031 quaedam
454 2956 652 3026 commutavit,
667 2964 700 3012 ut
713 2954 796 3029 quod
816 2954 904 3029 paulo
925 2964 992 3012 ante
1017 2953 1055 3012 de
1077 2953 1158 3011 incli-

106 3053 225 3111 natione
249 3059 413 3111 atomorum
435 3052 504 3123 dixi,
518 3062 617 3110 tamen
639 3052 778 3128 pleraque
801 3050 873 3109 dicit
895 3050 1012 3121 eadem,
1034 3061 1158 3121 atomos,

106 3150 203 3220 inane,
213 3151 363 3224 imagines,
374 3149 546 3207 infinitatem
560 3150 694 3207 locorum
707 3148 1059 3222 innumerabilitatemque
1075 3165 1158 3204 mun·

67 3271 93 3309 so
106 3244 221 3318 dorum,
237 3264 338 3305 eorum
359 3257 448 3316 ortus
463 3246 602 3315 interitus,
617 3245 717 3302 omnia
735 3245 804 3316 sere,
820 3245 925 3319 quibus
945 3254 1064 3302 naturae
1085 3244 1159 3302 ratio

106 3345 281 3402 continetur.
325 3344 412 3401 Nunc
429 3344 504 3401 istuc
527 3342 627 3417 ‘quasi
649 3343 772 3416 corpus'
795 3350 825 3399 et
847 3342 948 3416 ‘quasi
969 3341 1158 3416 sanguinem'

105 3440 178 3516 quid
198 3440 361 3515 intellegis?
402 3441 467 3515 Ego
481 3440 560 3498 enim
579 3449 608 3497 te
629 3439 702 3495 scire
724 3438 777 3495 ista
799 3439 900 3496 melius
919 3456 1008 3512 quam
1029 3455 1077 3494 me
1098 3455 1159 3494 non
1172 3451 1197 3494 tr

105 3537 198 3596 fateor
212 3538 316 3609 solum,
331 3535 385 3594 sed
399 3537 488 3594 etiarn
502 3536 586 3594 sacile
607 3536 720 3610 pati0r3
743 3553 810 3593 cum
832 3534 953 3610 quidem
974 3535 1066 3592 semel
1080 3533 1160 3592 dicta

104 3644 181 3705 sunt,
191 3632 263 3709 quid
278 3643 330 3704 est,
342 3631 425 3708 quod
439 3633 565 3691 Velleius
579 3631 745 3705 intellegere
760 3632 860 3706 possit,
872 3632 961 3690 Cotta
972 3648 1033 3688 non
1047 3631 1160 3706 possit?

68 3748 91 3788 as
105 3732 211 3806 Itaque
227 3748 333 3805 corpus
348 3729 421 3805 quid
437 3729 482 3801 sit,
497 3729 613 3809 sanguis
634 3725 707 3803 quid
727 3727 773 3800 sit,
788 3727 934 3802 intellego,
948 3728 1031 3801 quasi
1051 3744 1159 3802 corpus
