2504 4170
275 276 344 327 Lm.
356 275 407 326 111.
439 274 771 335 crr.xxx111,xxx1u
804 277 934 342 attasi,
1070 266 1128 347 163

74 429 100 489 in
116 429 182 506 ipso
197 430 348 491 Graeciae
363 429 433 488 flore
454 429 636 488 Pisistratus!
678 432 716 489 At
738 431 873 503 Phalaris,
890 441 919 490 at
932 433 1129 509 Apollodorus

72 544 182 605 poenas
199 527 328 586 sustulit.
370 527 471 585 Multis
491 525 612 602 quidem
633 537 701 585 ante
722 529 855 587 cruciatis
877 539 907 586 et
927 532 1048 590 necatis.
1091 533 1130 590 Et

72 623 241 701 praedones
255 622 339 682 multi
353 641 441 699 saepe
456 640 568 699 poenas
580 622 660 695 dant,
676 643 732 682 nec
747 635 846 683 tamen
860 643 1015 700 possumus
1030 627 1128 687 dicere

71 738 132 781 non
160 720 253 797 pluris
281 721 412 795 captivos
439 720 545 779 acerbe
571 738 660 795 quam
687 721 851 796 praedones
879 733 1008 782 necatos.
1052 728 1128 784 Ana·

71 817 214 876 xarc'bum
229 817 453 877 Democriteum
466 835 484 874 a
499 817 609 892 Cyprio
623 827 747 892 tyranno
761 819 999 878 excamiricatum
1012 823 1129 898 accepi·

72 932 148 987 mus,
163 916 318 974 Zenonem
339 913 427 972 Eleae
448 914 479 972 in
500 915 653 972 tormentis
678 925 824 974 necatum.
868 916 949 990 Quid
970 917 1068 976 dicam
1089 919 1128 978 de

71 1011 202 1083 Socrate,
217 1011 302 1069 cuius
327 1010 412 1068 morti
437 1010 609 1069 inlacrimari
633 1011 715 1070 soleo
741 1013 893 1071 Platonem
917 1013 1038 1088 legens?
1077 1015 1127 1074 Vi·

70 1105 166 1167 desne
184 1107 272 1183 igitur
292 1105 416 1164 deorum
436 1105 556 1179 iudicio,
571 1107 595 1165 si
615 1107 717 1166 vident
736 1126 782 1166 res
803 1108 955 1180 humanas,
969 1110 1128 1169 discrimen

70 1218 144 1263 esse,
151 1204 321 1264 sublatum?
361 1203 513 1279 Diogenes
527 1203 648 1278 quidem
662 1205 791 1280 Cynicus
810 1203 908 1262 dicere
923 1206 1035 1264 solebat
1050 1180 1172 1288 Har-⁸3}

70 1300 252 1377 palum‚·qui‘
260 1299 444 1376 temporibus
464 1300 518 1358 illis
540 1299 651 1377 praedo
665 1300 734 1359 felix
754 1301 924 1372 habebatur,
939 1312 1042 1359 contra
1055 1302 1128 1362 deos

70 1397 273 1457 testimonium
289 1396 398 1469 dicere,
413 1396 495 1471 quod
514 1397 544 1454 in
564 1397 613 1455 illa
626 1398 741 1457 fortuna
761 1407 821 1455 tarn
842 1397 894 1456 diu
914 1398 1032 1457 viveret.
1074 1399 1127 1458 Di-

69 1494 200 1571 onysius,
229 1493 269 1553 de
298 1512 358 1569 quo
385 1502 453 1552 ante
481 1493 550 1565 dixi,
580 1512 648 1552 curn
676 1494 776 1552 sanum
807 1495 998 1569 Proserpinae
1027 1496 1127 1554 Locris

71 1590 268 1667 expilarisset,
295 1590 450 1666 navigabat
480 1591 653 1666 Syracusas;
685 1591 767 1665 isque
799 1609 869 1648 cum
902 1591 1127 1652 secundissumo

70 1697 161 1747 vento
185 1706 305 1746 cursum
329 1697 451 1759 teneret,
474 1687 573 1745 ridens
595 1686 835 1759 ‘Videtisne’,
857 1687 1126 1762 inquit,'‘amici,

70 1800 179 1861 quam
202 1784 300 1843 bona
319 1802 338 1842 a
358 1783 415 1842 dis
436 1783 694 1843 inmortalibus
714 1784 909 1859 navigatio
930 1785 1126 1861 sacrilegis

70 1879 217 1940 deturi'
261 1879 357 1955 quue
371 1880 462 1939 homo
478 1890 581 1938 acutus
595 1899 663 1938 cum
678 1881 754 1939 bene
771 1882 917 1957 planeque
936 1883 1125 1956 percepisset,

70 1978 106 2037 inv
121 1977 230 2036 eadem
251 1978 397 2036 sententia
417 1978 629 2052 perseverabat.
672 1977 731 2051 Qui
751 1995 819 2035 cum
834 1976 872 2035 ad
888 1978 1126 2052 Peloponnesum

71 2074 195 2134 classem
216 2074 378 2150 appulisset
398 2084 428 2132 et
447 2074 478 2132 in
499 2075 598 2131 sanum
614 2075 741 2132 venisset
756 2074 834 2132 Iovis
851 2074 990 2149 Olympii,
1005 2093 1126 2132 aureum

70 2172 99 2231 ei
122 2170 251 2232 detraxit
275 2171 434 2230 amiculum
460 2170 563 2246 grandi
590 2168 733 2245 pondere,
755 2188 815 2245 quo
844 2170 946 2228 Iovem
971 2181 1123 2229 ornarate

59 2270 216 2329 ¹manubiis
236 2267 525 2344 Karthaginiensium
549 2277 686 2342 tyrannus
708 2267 793 2337 Gelo,
812 2276 900 2342 atque
922 2268 952 2325 in
976 2286 1013 2325 eo
1037 2269 1125 2325 etiarn

71 2366 219 2425 cavillams
233 2375 279 2424 est
292 2374 402 2423 aestate
423 2382 509 2440 grave
531 2381 595 2422 esse
616 2382 737 2423 aureum
755 2363 923 2435 amiculum,
938 2363 1034 2422 hieme
1049 2364 1124 2440 frigi·

70 2461 256 2538 dum„eique
270 2462 387 2519 laneum
402 2461 521 2537 pallium
535 2461 644 2532 iniecit,
659 2479 727 2518 cum
741 2459 772 2519 id
787 2478 851 2519 esse
865 2470 967 2536 aptum
980 2459 1020 2518 ad
1034 2479 1123 2519 omne

70 2559 140 2618 anni
158 2569 279 2635 tempus
303 2557 424 2616 diceret.
466 2557 611 2632 Idemque
638 2557 805 2632 Aesculapii
834 2555 975 2632 Epidauri
1001 2557 1123 2616 barbam

70 2672 188 2715 auream
216 2654 298 2714 demi
325 2654 406 2713 iussit
416 2673 426 2727 ;
460 2671 557 2728 neque
585 2652 665 2711 enim
693 2653 850 2711 convenire
877 2653 1031 2711 barbatum
1059 2671 1124 2713 esse

69 2751 170 2824 fil'mm,
185 2769 254 2810 cum
268 2752 301 2809 in
314 2751 450 2810 omnibus
464 2751 538 2809 sanis
551 2759 635 2825 pater
654 2749 782 2808 inberbis
799 2759 885 2808 esset.
928 2750 1025 2808 Etiam
1040 2769 1122 2809 men·
1136 2764 1162 2807 er

70 2852 116 2907 ias
129 2858 284 2925 argenteas
298 2846 336 2906 de
357 2848 493 2907 omnibus
514 2845 640 2911 delubris
661 2847 743 2904 iussit
763 2846 876 2918 auferri,
891 2846 1040 2921 inquibus
1055 2865 1123 2905 cum

70 2962 152 3004 more
172 2945 279 3004 veteris
299 2944 442 3004 Graeciae
462 2944 633 3019 inscriptum
661 2953 737 3000 esset
755 2958 901 3001 uonoaunr
922 2959 1058 3014 DEORUM,
1081 2943 1123 3001 uti

69 3058 100 3100 se
121 3059 224 3101 eorum
246 3041 377 3100 bonitate
398 3040 471 3099 velle
495 3039 623 3098 dicebat.
665 3038 751 3097 Idem
773 3038 948 3097 Victoriolas
970 3056 1071 3096 aureas
1093 3048 1123 3096 et

69 3148 183 3215 pateras
197 3153 389 3212 coronasque,
404 3153 480 3212 quae
494 3134 714 3194 simulacromm
734 3135 875 3210 porrectis
889 3135 1024 3193 manibus
1039 3135 1122 3193 susti·

68 3235 227 3306 uebantur,
250 3233 315 3293 sine
342 3231 524 3293 dubitatione
554 3231 675 3290 tollebat
707 3249 800 3307 eaque
828 3250 860 3290 se
889 3231 1032 3306 accipere,
1061 3249 1122 3290 non

68 3332 179 3391 artene
194 3329 349 3402 .dicebat;.
361 3348 427 3391 esse
447 3330 526 3388 enim
547 3328 705 3400 stultitiam,
726 3347 744 3386 a
764 3328 869 3404 quibus
890 3328 969 3386 bona
989 3345 1121 3402 precare·

68 3446 140 3502 mur,
154 3429 194 3489 ab
207 3429 244 3488 iis
257 3427 470 3504 porn'gentibus
485 3438 515 3484 et
529 3425 665 3484 dantibus
679 3425 756 3483 nolle
772 3444 895 3483 sumere.
926 3425 1121 3500 Eundernque

67 3524 167 3585 imunt.
182 3526 269 3599 haec,
284 3539 360 3599 quae
381 3523 450 3595 dixi,
464 3520 636 3583 sublatade
658 3523 730 3580 fanis
751 3522 782 3579 in
802 3522 897 3580 forum
918 3522 1070 3596 protulisse
1087 3530 1122 3601 ¹et

67 3638 120 3699 per
130 3639 314 3699 praeconem
327 3619 493 3681 vendidisse
513 3628 673 3693 exactaque
694 3619 821 3694 pecunia
835 3617 969 3694 edixisse,
984 3627 1025 3693 ut,
1040 3615 1122 3692 quod

68 3718 227 3797 qn’rquea
238 3716 331 3781 sacris
343 3716 473 3789 haberet,
487 3715 519 3776 id
532 3724 600 3797 ante
610 3764 613 3769 .
622 3714 702 3791 diem
722 3723 833 3773 certam
848 3713 976 3772 insnum
991 3711 1121 3797 quidque

59 4024 73 4051 μ

59 4062 88 4129 'u
