2504 4170
124 247 185 310 126
447 263 496 312 ua
517 262 662 313 nurum
685 258 845 312 DEORUM.

120 416 275 490 figurarum
291 461 297 474 .
314 461 321 474 .
338 461 344 474 .
361 461 378 486 .,
393 426 455 474 tum
466 426 649 474 venustatem
663 426 750 490 atque
765 413 902 473 ordinem
917 423 957 486 et,
970 424 1005 473 ut
1018 414 1061 474 ita
1074 413 1166 486 dicam,

121 513 286 570 decentiam
311 515 388 571 oculi
412 513 551 583 iudicant,
573 525 661 588 atque
686 514 774 570 etiam
799 513 855 568 alia
880 513 1006 571 maiora.
1053 514 1128 571 Nam
1146 521 1167 569 et

120 612 238 667 virtutes
263 621 292 667 et
313 612 382 667 vitia
405 623 588 684 cognoscunt
600 632 608 681 ;
631 612 733 666 iratum
758 609 928 684 propitium,
944 610 1106 668 laetantem
1125 609 1166 667 do·

121 707 237 777 lentem,
267 708 370 764 sortem
406 709 550 781 ignavum,
579 706 723 763 audacem
751 704 948 780 timidumque
986 716 1166 782 cognoscunt.

77 805 298 877 unionumque
322 806 391 861 item
412 814 455 860 est
476 803 644 860 admirabile
660 801 811 877 quoddam
831 803 1085 878 artificiosumque
1106 803 1187 864 iudi-s

121 902 208 969 cium,
231 919 289 974 quo
313 901 456 957 iudicatur
480 911 509 956 et
534 901 562 956 in
587 901 667 956 vocis
696 911 725 956 et
750 901 778 956 in
801 900 937 956 tibiarum
963 917 1166 974 nervorumque

122 999 253 1054 cautibus
269 998 389 1054 varietas
409 1015 557 1066 sonorum,
574 998 728 1065 intervalla,
744 995 893 1053 distinctio
915 1006 947 1054 et
967 998 1052 1055 vocis
1073 1014 1167 1073 genera

121 1095 273 1167 permulta,
289 1113 428 1150 canorum
450 1094 573 1161 luscum,
590 1094 652 1149 leve
675 1111 819 1166 asperum,
835 1109 922 1167 grave
946 1103 1079 1164 acutum,
1100 1093 1166 1151 flexi·

121 1190 178 1247 bile
193 1189 307 1260 durum,
323 1209 398 1264 quae
414 1190 566 1258 hominum
581 1190 675 1246 solum
690 1189 806 1245 auribus
821 1187 999 1248 iudicantur.
1044 1191 1165 1248 Narium-

119 1304 176 1359 que
198 1288 267 1343 item
289 1299 318 1342 et
338 1287 472 1359 gustandi
496 1287 600 1357 pariter
622 1296 651 1339 et
674 1284 812 1357 tangendi
840 1304 948 1358 magna
972 1287 1083 1347 iudicia
1103 1300 1191 1348 sunto

118 1383 165 1439 Ad
187 1402 260 1455 quos
282 1403 382 1439 sensus
404 1381 564 1455 capiendos
587 1393 615 1437 et
637 1382 828 1455 perfruendos
852 1383 949 1456 plures
972 1386 1073 1456 etiam,
1091 1407 1166 1462 quam

118 1482 232 1550 vellem,
248 1493 322 1537 artes
337 1493 466 1555 repertae
482 1491 557 1537 sunt.
601 1481 789 1554 Perspicuum
811 1491 854 1537 est
876 1481 967 1552 enim,
982 1500 1045 1557 quo
1065 1500 1165 1558 conpo

120 1579 238 1635 sitiones
253 1589 476 1652 unguentorum,
492 1597 551 1652 quo
570 1578 701 1634 ciborum
724 1577 918 1648 conditiones,
934 1597 997 1654 quo
1019 1598 1165 1657 corporum

120 1676 264 1732 lenocinia
279 1677 480 1749 processerint.

76 1760 114 1869 153
163 1774 226 1828 lam
242 1790 309 1829 vero
324 1773 454 1828 animum
469 1772 564 1845 ipsum
579 1781 767 1845 mentemque
783 1771 918 1844 hominis
933 1773 1090 1846 rationem,
1105 1792 1165 1833 con·
1175 1797 1191 1837 u

120 1869 224 1938 silium,
240 1869 425 1943 prudentiam
440 1869 489 1942 qui
503 1887 564 1924 non
580 1867 678 1925 divina
698 1886 769 1924 cura
789 1869 919 1942 perlecta
941 1886 1006 1928 esse
1028 1872 1167 1946 perspicit,

121 1967 144 2023 is
159 1965 202 2022 his
218 1966 285 2039 ipsis
300 1966 385 2022 rebus
401 1965 470 2022 mihi
484 1964 598 2021 videtur
612 1981 719 2022 carere.
762 1965 809 2022 De
824 1983 883 2039 quo
898 1965 971 2023 dum
986 1966 1166 2043 disputarem,

107 2076 200 2153 guam
215 2062 285 2118 mihi
300 2062 361 2119 dari
383 2063 496 2131 vellem,
512 2062 609 2131 Cotta,
633 2062 840 2136 eloquentiam.
883 2063 952 2136 Quo
974 2065 1057 2123 enim
1078 2076 1108 2124 tu
1128 2065 1167 2123 illa

121 2159 212 2217 modo
227 2159 360 2216 diceres!
382 2168 490 2233 quanta
504 2159 630 2232 primum
645 2159 849 2233 intellegentia,
865 2157 975 2218 deinde
991 2179 1166 2237 consequen·

121 2259 194 2314 tium
221 2274 316 2314 rerum
338 2274 406 2312 cum
431 2256 530 2329 primis
555 2255 725 2313 coniunctio
750 2265 779 2312 et
804 2257 1023 2331 conprehensio
1048 2271 1124 2318 esset
1142 2259 1194 2316 iun

120 2354 205 2411 nobis
213 2374 221 2426 ;
243 2371 280 2410 ex
293 2371 353 2426 quo
367 2351 512 2422 videlicet,
528 2351 599 2426 quid
614 2371 651 2409 ex
665 2353 828 2426 quibusque
850 2353 936 2411 rebus
957 2354 1110 2427 efficiatur,
1130 2355 1166 2413 id·

121 2469 178 2525 que
192 2451 303 2507 ratione
318 2449 521 2506 concludimus
536 2450 719 2523 singulasque
734 2467 779 2506 res
795 2449 951 2508 delinimus
971 2453 1167 2527 circumscrip-

122 2559 209 2621 teque
238 2547 477 2620 complectimur;
506 2564 543 2602 ex
565 2564 624 2620 quo
653 2547 774 2603 scientia
802 2547 976 2622 intellegitur
1003 2568 1093 2624 quam
1116 2551 1168 2607 vim

123 2644 228 2701 habeat
242 2644 388 2717 qualisque
401 2643 446 2712 sit,
462 2661 519 2716 qua
533 2661 571 2699 ne
586 2643 615 2699 in
630 2642 688 2700 deo
703 2643 822 2718 quidem
837 2654 882 2701 est
895 2663 940 2702 res
954 2646 1013 2703 ulla
1026 2656 1168 2723 praestan·

122 2743 185 2797 tior.
228 2741 346 2812 Quanta
362 2758 431 2796 vero
453 2740 500 2795 illa
520 2750 595 2811 sunt,
611 2759 685 2814 quae
707 2759 759 2798 vos
781 2741 954 2800 Academici
974 2743 1124 2802 infirmatis
1143 2752 1195 2802 ctu

121 2837 228 2906 tollitis,
243 2835 324 2910 quod
339 2845 368 2892 et
382 2837 514 2893 sensibus
532 2847 561 2893 et
578 2838 677 2895 animo
698 2856 741 2907 ea,
757 2857 832 2912 quae
854 2850 935 2896 extra
955 2850 1034 2910 sunt,
1050 2840 1168 2917 percipi·

79 2954 115 2995 ias
123 2953 186 2990 mus
207 2944 294 3006 atque
315 2932 563 3007 conprendimus!
588 2952 626 2991 ex
644 2935 748 3009 quibus
765 2937 886 2994 conlatis
908 2937 981 2994 inter
1001 2955 1034 2995 se
1054 2949 1084 2996 et
1104 2955 1168 2996 con·

123 3032 227 3104 paratis
251 3040 326 3087 artes
350 3047 468 3104 quoque
493 3030 636 3088 efficimus
664 3033 767 3106 partim
791 3032 829 3089 ad
855 3052 939 3091 usum
960 3034 1046 3105 vitae,
1070 3035 1169 3110 partim

123 3127 161 3184 ad
175 3127 403 3185 oblectationem
417 3128 604 3185 necessarias
648 3129 712 3186 Iam
727 3148 795 3186 vero
810 3129 931 3187 domina
950 3149 1055 3202 rerum,
1071 3143 1102 3190 ut
1121 3148 1169 3189 vos

123 3226 220 3282 soletis
248 3223 356 3294 dicere,
385 3223 544 3299 eloquendi
571 3225 623 3296 vis,
652 3243 739 3300 quam
767 3236 811 3284 est
845 3228 994 3301 praeclara
1028 3244 1198 3304 quamquet⁰

123 3321 239 3378 diviua!
262 3338 336 3395 quae
351 3320 477 3394 primum
499 3320 596 3391 efficit,
612 3330 644 3378 ut
665 3331 694 3378 et
715 3341 759 3394 ea,
775 3342 849 3397 quae
871 3325 1046 3399 ignoramus,
1061 3326 1169 3383 discere

123 3427 152 3474 et
166 3436 210 3487 ea,
226 3435 300 3492 quae
322 3417 438 3486 scimus
453 3417 524 3474 alios
546 3417 653 3474 docere
675 3421 820 3492 possimus
832 3441 840 3490 ;
862 3420 970 3479 deinde
993 3422 1049 3479 hac
1071 3423 1169 3480 cohor·

123 3525 225 3584 tamur,
241 3515 297 3570 hac
312 3511 531 3588 persuademus,
546 3513 601 3571 hac
622 3517 806 3573 consolamur
827 3517 959 3588 afflictos,
975 3518 1031 3576 hac
1053 3516 1168 3577 deduci-

123 3629 187 3668 mus
216 3611 381 3685 perterritos
408 3626 426 3664 a
453 3609 566 3680 timore,
595 3610 651 3666 hac
678 3613 835 3684 gestientes
870 3616 1091 3689 conprimimus,
1118 3615 1170 3672 hac

124 3708 297 3782 cupiditates
319 3704 541 3778 iracundiasque
562 3707 774 3782 restinguimus,
797 3709 870 3767 haec
892 3729 947 3769 nos
969 3713 1045 3785 iuris,
1067 3713 1199 3788 legumu
