2504 4170
336 254 402 304 LIB.
416 255 451 304 11.
483 254 545 304 CAP.
559 254 627 315 LIX,
641 254 695 304 LX.
729 255 759 319 §5
776 253 895 322 146-151.
1080 255 1142 322 127

75 409 197 469 urbium
211 409 357 467 societate
371 407 509 481 devinxit,
524 409 600 466 haec
614 427 631 466 a
645 408 703 466 vita
717 409 825 466 inmani
841 418 870 467 et
888 409 949 466 fera
969 411 1139 485 segregavit.

75 507 126 566 Ad
141 525 231 564 usum
246 517 347 563 autem
360 506 498 564 orationis
513 505 682 564 incredibile
697 516 749 575 est,
765 507 788 563 si
803 506 958 580 diligenter
971 506 1139 578 attenderis,
1147 516 1185 559 149

76 614 193 680 quanta
207 621 304 678 opera
316 603 482 661 machinata
499 615 600 660 natura
621 604 665 660 sit.
708 603 836 661 Primum
856 604 937 660 enim
958 621 976 659 a
996 604 1139 677 pulmoni·

76 703 133 761 bus
149 701 257 758 arteria
271 717 365 774 usque
380 700 419 758 ad
433 717 466 757 os
481 701 615 757 intimum
629 700 763 774 pertinet,
779 716 935 774 perquam
956 718 1013 757 vox
1033 701 1138 775 princi·

77 799 162 876 pium
177 817 196 855 a
210 807 312 854 mente
326 797 438 855 ducens
453 797 609 871 percipitur
623 806 652 853 et
671 795 816 863 funditur;
840 796 949 854 deinde
971 797 1065 854 inore
1086 799 1141 855 sita

77 897 181 970 lingua
194 904 240 952 est
254 894 338 950 finita
356 893 491 951 dentibus
502 913 510 965 3
533 910 569 949 ea
588 911 693 950 vocem
714 892 896 950 inmoderate
918 894 1065 968 profusam
1086 894 1139 951 fin·

79 994 122 1068 git
144 1001 176 1049 et
196 991 337 1049 terminat
357 1001 444 1064 atque
466 1008 555 1048 sonos
575 990 656 1046 vocis
678 989 831 1048 distinctos
852 1001 882 1048 et
902 1008 1017 1065 pressos
1041 990 1139 1061 efficit,

78 1108 150 1147 cum
165 1097 196 1146 et
211 1087 250 1145 ad
265 1087 371 1144 dentes
385 1097 415 1145 et
435 1086 474 1144 ad
494 1087 564 1144 alias
585 1097 681 1161 partes
702 1086 783 1161 pellit
804 1088 870 1145 oris.
913 1088 1016 1161 Itaque
1038 1087 1140 1162 plectri

78 1186 208 1245 similem
229 1185 360 1259 linguam
381 1185 471 1242 nostri
492 1185 587 1241 solent
608 1182 715 1253 dicere,
732 1183 906 1241 chordarum
928 1183 1041 1255 dentes,
1055 1202 1139 1242 nares

59 1284 221 1341 ‚cornibus
236 1282 280 1352 iis,
295 1281 346 1356 qui
359 1280 398 1338 ad
412 1298 516 1338 nervos
531 1290 668 1338 resonant
682 1280 711 1336 in
727 1282 868 1339 cantibus.

121 1381 221 1455 Quam
237 1397 308 1437 vero
322 1388 404 1453 aptas
419 1395 567 1452 quamque
582 1378 734 1435 multarum
749 1379 853 1436 artium
875 1378 1017 1436 ministras
1034 1346 1183 1454 manusllg

78 1488 185 1537 natura
198 1475 312 1534 homini
327 1474 429 1533 dedit!
472 1476 638 1549 Digitorum
653 1476 731 1531 enim
747 1477 909 1534 contractio
924 1477 1014 1533 facilis
1036 1477 1138 1536 facilis·

78 1593 139 1650 que
154 1573 304 1650 porrectio
318 1581 437 1647 propter
450 1572 552 1629 molles
567 1572 770 1630 commissuras
785 1583 815 1630 et
829 1584 905 1631 artus
920 1575 999 1631 nullo
1014 1574 1043 1631 in
1057 1584 1139 1632 motu

78 1673 202 1731 laborat.
246 1672 352 1744 Itaque
367 1668 406 1726 ad
420 1668 611 1744 pingendum,
626 1668 666 1726 ad
680 1670 861 1745 fingendum,
877 1670 915 1728 ad
936 1671 1138 1745 scalpendum,

59 1769 120 1832 sad
147 1785 307 1828 nervorum
336 1766 498 1824 eliciendos
525 1784 614 1824 sonos
641 1785 677 1823 ac
705 1768 840 1825 tibiarum
868 1778 937 1842 apta
964 1787 1067 1826 manus
1095 1778 1139 1826 est

79 1866 255 1925 admotione
277 1863 445 1939 digitorum.
487 1866 583 1938 Atque
605 1863 679 1921 haec
700 1864 903 1922 oblectationis
913 1885 922 1936 3
944 1865 992 1922 illa
1012 1866 1138 1924 necessi-

79 1965 157 2035 tatis,
173 1963 269 2020 cultus
284 1960 354 2020 dico
369 1978 503 2035 agrorum
526 1962 779 2036 extructionesque
801 1972 954 2031 tectorum,
970 1972 1140 2037 tegumenta

79 2078 240 2136 corporum
254 2058 303 2117 vel
316 2067 397 2116 texta
409 2057 457 2116 vel
471 2068 535 2115 suta
549 2076 727 2132 omnemque
751 2059 888 2116 fabricam
909 2060 983 2116 aeris
1004 2070 1034 2116 et
1055 2061 1138 2131 serri;

60 2234 64 2239 Ι
80 2176 118 2216 ex
131 2175 193 2232 quo
208 2155 383 2230 intellegitur
396 2154 435 2214 ad
448 2155 566 2212 inventa
579 2154 687 2225 animo,
703 2167 843 2230 percepta
856 2156 988 2213 sensibus
1003 2156 1139 2214 adhibitis

59 2255 224 2330 >opificum
238 2253 375 2312 manibus
395 2252 496 2310 omnia
516 2269 571 2308 nos
593 2262 776 2322 consecutos,
792 2263 823 2310 ut
843 2253 922 2322 tecti,
938 2262 969 2309 ut
989 2254 1093 2323 vestiti,
1108 2264 1140 2310 ut

80 2353 151 2410 salvi
172 2369 238 2409 esse
259 2367 422 2426 possemus,
444 2348 540 2418 urbes,
562 2367 669 2419 muros,
691 2349 849 2420 domicilia,
873 2349 993 2408 delubra
1018 2350 1138 2408 habere-

79 2469 155 2508 mus.
200 2450 265 2506 Iam
279 2464 350 2505 vero
368 2446 505 2520 operibus
520 2445 682 2514 hominurn,
697 2446 728 2504 id
749 2457 793 2503 est
814 2448 957 2516 manibus,
973 2448 1029 2504 cibi
1051 2450 1183 2505 etiamrn

79 2547 205 2605 varietas
218 2544 365 2604 invenitur
378 2553 408 2601 et
427 2543 522 2618 copia.
566 2542 643 2599 Nam
666 2552 695 2598 et
716 2544 776 2617 agri
797 2545 887 2601 multa
908 2544 1030 2601 effemnt
1051 2564 1140 2602 manu

80 2645 223 2720 quaesita,
245 2659 322 2717 quae
341 2640 389 2698 vel
409 2640 505 2698 statim
528 2648 737 2696 consumantur
757 2641 804 2697 vel
824 2640 999 2697 mandentur
1020 2642 1140 2700 condita

59 2740 227 2811 svetustati,
243 2748 274 2796 et
287 2747 437 2814 praeterea
451 2737 596 2795 vescimur
611 2737 710 2794 bestiis
725 2746 754 2793 et
775 2738 894 2794 terrenis
916 2748 945 2794 et
966 2740 1139 2812 aquatilibus

81 2848 111 2897 et
124 2837 292 2897 volantibus
305 2836 410 2911 partim
425 2835 581 2910 capiendo,
597 2836 702 2910 partim
717 2835 833 2893 alendo.
877 2835 1028 2892 Efficimus
1051 2839 1138 2893 etiam

82 2934 197 2993 domitu
211 2943 314 2992 nostro
333 2931 547 3007 quadripedum
569 2933 730 3000 vectiones,
753 2950 877 3006 quorum
899 2932 1029 2988 celeritas
1052 2945 1138 3006 atque

81 3033 123 3091 vis
137 3031 225 3091 nobis
240 3030 311 3106 ipsis
324 3029 418 3087 adfert
431 3030 490 3087 vim
505 3042 534 3087 et
549 3030 736 3087 celeritatem.
781 3029 843 3085 Nos
863 3047 952 3086 onera
965 3029 1139 3102 quibusdam

81 3130 191 3201 bestiis,
207 3147 263 3186 nos
277 3129 344 3204 iuga
358 3128 535 3202 inponimus,
551 3145 606 3184 nos
627 3126 848 3199 elephantorum
871 3127 1052 3182 acutissumis
1073 3143 1138 3182 sen-

59 3247 72 3274 ο
83 3228 170 3297 sibus,
185 3244 242 3284 nos
257 3225 414 3300 sagacitate
429 3243 536 3282 canum
551 3223 590 3280 ad
606 3223 758 3280 utilitatem
774 3235 900 3280 nostram
916 3223 1069 3291 abutimur,
1085 3241 1139 3280 nos

83 3341 99 3380 e
113 3335 207 3381 terrae
222 3323 353 3380 cavernis
368 3322 473 3379 sermm
488 3321 630 3395 eligimus,
646 3338 707 3376 rem
722 3318 760 3375 ad
776 3318 917 3376 colendos
932 3337 1015 3392 agros
1036 3337 1138 3376 neces-

84 3421 195 3491 sariam,
210 3436 267 3476 nos
281 3419 364 3488 aeris,
379 3419 498 3493 argenti,
515 3418 574 3474 auri
595 3434 684 3473 venas
705 3417 820 3489 penitus
842 3415 955 3473 abditas
977 3416 1138 3474 invenimus

84 3516 163 3576 etad
178 3534 265 3576 usum
280 3525 363 3590 aptas
377 3527 408 3572 et
421 3515 460 3572 ad
481 3527 615 3572 ornatum
638 3513 770 3581 decoras,
792 3513 927 3570 arborum
949 3524 1046 3569 autern
1067 3532 1138 3570 con-

84 3615 214 3674 sectione
228 3612 369 3686 omnique
385 3613 504 3669 materia
519 3624 548 3668 et
563 3612 639 3667 culta
655 3621 683 3666 et
705 3609 824 3665 silvestri
846 3611 950 3683 partim
972 3608 1010 3666 ad
1032 3609 1137 3666 calfici-

59 3711 193 3771 tendum
215 3726 325 3784 corpus
345 3708 404 3781 igni
426 3708 558 3766 adhibito
577 3717 607 3762 et
627 3705 665 3763 ad
689 3704 880 3778 mitigandum
902 3707 1001 3763 cibum
1023 3707 1137 3777 utimur,
