2504 4170
148 301 193 368 94
478 298 527 348 oa
547 299 693 350 aarum
716 297 878 351 osonum

148 454 291 525 omnium,
301 472 377 528 quae
389 464 463 510 terra
472 454 602 528 marique
612 453 776 529 gignuntur,
787 454 866 511 initia
876 473 1046 531 causaeque
1057 455 1199 516 ducuntur.

110 568 137 612 to
150 553 213 611 Iam
227 553 296 611 solis
310 571 423 610 annuos
438 571 538 609 cursus
552 553 651 627 spatiis
667 553 820 610 menstruis
835 552 905 609 luna
916 556 1120 630 consequitur,
1132 557 1200 614 cuius

148 650 350 707 tenuissimum
365 650 464 706 lumen
480 649 549 706 sacit
562 650 712 724 proximus
726 668 861 707 accessus
883 649 923 708 ad
945 651 1050 723 solem,
1067 652 1200 728 digressus

148 757 246 804 autem
271 746 456 821 longissimus
479 747 602 820 quisque
630 746 840 820 plenissimum.
883 747 994 822 Neque
1024 750 1124 807 solum
1150 750 1200 808 eius

148 845 262 919 species
287 862 322 900 ac
347 843 440 901 forma
465 853 592 900 mutatur
617 854 678 900 tum
708 843 880 915 crescend0,
902 853 966 902 turn
993 845 1159 906 defectibus
1177 847 1219 904 ius

147 941 229 998 initia
242 940 428 1011 recurrend0,
445 940 499 997 sed
520 941 608 997 etiam
622 940 712 1014 regio,
728 958 802 1015 quae
823 951 886 998 tum
908 951 952 998 est
973 943 1136 1018 aquilonia,
1150 954 1201 1001 tum

147 1039 287 1096 australis.
328 1038 402 1095 Inde
415 1038 444 1094 in
466 1038 551 1094 lunae
566 1055 684 1112 quoque
706 1056 791 1095 cursu
812 1048 855 1094 est
874 1047 904 1094 et
923 1039 1047 1097 brumae
1064 1041 1201 1115 quaedam

148 1145 177 1194 et
191 1136 303 1193 solstitii
317 1134 485 1205 similitudo,
501 1134 650 1208 multaque
672 1135 709 1192 ab
733 1153 768 1191 ea
790 1145 908 1192 manant
931 1146 962 1192 et
984 1136 1091 1209 fluunt,
1107 1139 1200 1214 quibus

147 1243 177 1290 et
190 1233 353 1290 animantes
367 1232 478 1289 alantur
492 1241 708 1306 augescantque
724 1241 753 1288 et
766 1232 929 1306 pubescant
950 1235 1200 1311 maturitatemque

104 1316 354 1424 {fladsequantun
379 1347 455 1403 quae
480 1330 609 1386 oriuntur
632 1346 649 1385 e
677 1337 761 1386 terra.
804 1329 945 1387 Maxume
969 1348 1041 1389 vero
1067 1343 1136 1391 sunt
1158 1331 1223 1390 ad-r·

148 1429 291 1486 mirabiles
312 1439 408 1484 motus
431 1445 531 1484 earum
552 1427 681 1501 quinque
704 1426 857 1497 stellarum,
873 1444 950 1500 quae
973 1427 1047 1487 salso
1068 1441 1201 1488 vocantur

147 1536 283 1584 errantes.
326 1524 406 1582 Nihil
428 1525 506 1581 enim
521 1532 603 1593 errat,
619 1522 700 1597 quod
715 1524 744 1580 in
759 1523 840 1580 omni
861 1525 1034 1583 aeternitate
1056 1536 1200 1585 conservat

146 1640 314 1698 progressus
336 1631 365 1678 et
385 1639 531 1695 regressus
553 1621 738 1694 reliquosque
761 1630 858 1677 motus
880 1623 1044 1680 constantis
1069 1633 1100 1682 et
1122 1635 1199 1683 ratos.

147 1719 239 1793 Quod
253 1737 290 1777 eo
305 1728 349 1776 est
363 1717 558 1776 admirabilius
575 1718 605 1774 in
626 1717 670 1774 his
693 1718 789 1788 stellis,
806 1735 877 1792 quas
900 1716 1037 1791 dicimus,
1054 1721 1126 1795 quia
1146 1731 1200 1780 tum

146 1816 338 1886 occultantur,
353 1825 416 1872 tum
436 1833 532 1872 rursus
555 1815 729 1890 aperiuntur,
746 1824 808 1871 turn
832 1813 950 1885 adeunt,
966 1825 1031 1874 turn
1053 1818 1223 1890 recedunttt

147 1923 208 1971 tum
223 1911 411 1982 antecedunt,
426 1922 488 1969 tum
503 1922 602 1969 autem
616 1912 839 1986 subsequuntur,
855 1921 918 1969 tum
941 1913 1065 1973 celerius
1088 1935 1199 1975 moven-

146 2021 201 2081 tur,
226 2021 289 2067 tum
313 2009 431 2080 tardius
455 2018 518 2066 tum
538 2010 660 2067 omnino
688 2028 725 2067 ne
751 2020 904 2067 moventur
929 2011 1063 2085 quidem,
1088 2014 1143 2073 sed
1168 2012 1200 2072 ad

147 2106 299 2182 quoddam
313 2116 429 2181 tempus
443 2106 586 2163 insistunt.
629 2107 759 2180 Quarum
781 2126 818 2164 ex
839 2108 1004 2183 disparibus
1027 2114 1200 2172 motionibus

147 2223 286 2279 magnum
308 2222 418 2261 annum
444 2203 641 2260 mathematici
662 2205 892 2276 nominaverunt,
913 2208 963 2282 qui
987 2217 1059 2283 turn¹
1076 2210 1199 2279 eflicittu,

147 2321 215 2358 cum
237 2302 305 2359 solis
326 2311 356 2358 et
376 2300 461 2359 lunae
483 2309 512 2357 et
527 2301 656 2375 quinque
679 2302 833 2361 errantium
860 2303 898 2360 ad
923 2304 1051 2364 eandem
1078 2308 1153 2366 inter
1174 2321 1227 2366 se¹⁹

148 2398 398 2473 comparationem
425 2398 567 2455 confectis
595 2398 726 2456 omnium
751 2401 849 2474 spatiis
875 2411 918 2458 est
943 2402 1022 2461 facta
1044 2407 1200 2464 conversio.

109 2513 135 2555 ua
149 2497 233 2571 Quae
251 2513 339 2570 quarn
360 2496 448 2570 longa
468 2495 512 2566 sit,
529 2514 634 2570 magna
648 2497 780 2570 quaestio
802 2508 854 2569 est,
871 2517 934 2556 esse
949 2518 1020 2559 vero
1044 2514 1157 2562 certam
1177 2512 1202 2560 et

148 2593 299 2651 definitam
326 2610 448 2650 necesse
477 2603 529 2650 est.
572 2594 650 2650 Nam
678 2612 722 2664 ea,
744 2612 819 2668 quae
847 2595 961 2654 Saturni
990 2600 1075 2657 stella
1103 2600 1202 2659 dicitur

147 2690 311 2764 Φαίνωνῳιε
333 2708 350 2746 a
371 2690 491 2748 Graecis
512 2691 686 2761 nominatur,
702 2708 777 2765 quae
796 2711 814 2749 a
836 2703 912 2750 terra
932 2694 1018 2752 abest
1040 2697 1201 2772 plurimum,

147 2803 213 2844 xxx
234 2787 294 2843 sere
313 2787 396 2844 annis
411 2805 527 2844 cursum
542 2806 627 2845 suum
643 2789 771 2859 conficit,
788 2790 816 2847 in
832 2808 891 2864 quo
907 2809 993 2850 cursu
1015 2794 1110 2853 multa
1123 2795 1228 2853 mira-a

148 2883 241 2941 biliter
260 2882 389 2941 efficiens
410 2894 472 2940 tum
494 2884 710 2956 antecedendo,
726 2896 787 2943 tum
809 2886 995 2959 retardand0,
1010 2899 1075 2948 tum
1090 2909 1202 2968 vesper·

148 2981 215 3038 tinis
239 2981 417 3055 temporibus
443 2980 645 3053 delitiscendo,
660 2991 723 3040 tum
748 2984 894 3041 matutinis
916 3003 1031 3044 rursum
1056 3006 1090 3046 se
1116 2988 1202 3065 apen'·

149 3076 237 3148 endo,
251 3077 322 3133 nihil
336 3078 459 3134 inmutat
473 3079 656 3154 sempiternis
671 3080 832 3138 saeclorum
847 3081 998 3153 aetatibus,
1014 3086 1089 3159 quin
1102 3085 1203 3146 eadem

148 3173 243 3232 isdem
267 3175 447 3249 temporibus
469 3174 585 3233 efficiat.
628 3176 707 3234 Infra
728 3187 826 3235 autern
848 3177 924 3235 hanc
946 3181 1070 3255 propius
1093 3201 1114 3243 a
1135 3193 1205 3242 terra

149 3271 227 3329 Iovis
242 3271 324 3328 stella
337 3272 433 3343 fertur,
448 3290 523 3346 quae
537 3271 650 3330 Φαέθων
664 3272 777 3345 dicitur,
793 3293 886 3349 eaque
908 3275 1037 3336 eundem
1052 3297 1097 3338 xtr
1111 3283 1232 3357 signos⁰

148 3386 213 3427 rum
235 3367 337 3426 orbem
359 3369 442 3427 annis
464 3386 506 3427 x11
531 3369 650 3427 conficit
672 3369 860 3446 easdemque,
876 3390 948 3446 quas
973 3375 1091 3435 Saturni
1117 3378 1204 3447 stella,

111 3480 137 3523 ta
150 3464 239 3522 efficit
261 3465 291 3524 in
314 3484 399 3524 cursu
421 3466 580 3524 varietates.
624 3467 705 3523 Huic
728 3478 826 3524 autem
848 3470 1014 3542 proximum
1040 3473 1204 3534 inferiorem

149 3563 251 3620 orbem
265 3572 346 3621 tenet
360 3563 484 3640 Πυρόεις,
500 3581 575 3637 quae
596 3564 677 3621 stella
699 3566 799 3621 Martis
822 3567 990 3639 appellatur,
1006 3586 1104 3645 eaque
1124 3589 1165 3631 1111
1178 3580 1206 3630 et

149 3675 192 3717 xx
205 3660 353 3718 mensibus
367 3678 405 3732 vr,
421 3671 453 3718 ut
467 3660 579 3735 opinor,
595 3660 698 3718 diebus
713 3663 807 3719 minus
829 3663 956 3720 eundem
978 3664 1080 3725 lustrat
1094 3670 1205 3741 orbem,

149 3773 240 3832 quem
254 3756 331 3815 duae
345 3759 516 3833 superiores.
560 3758 638 3815 Infra
658 3757 734 3815 hanc
754 3768 852 3816 autern
875 3760 957 3817 stella
979 3762 1123 3825 Mercurii
1144 3776 1235 3839 estu
