2504 4170
123 284 182 331 112
447 282 496 332 DE
517 282 662 333 NATURA
682 280 841 331 DEORUM.

75 446 112 488 1⁰⁷
121 439 191 496 Eius
206 456 274 495 cum
289 437 377 494 totius
392 446 436 495 est
450 437 598 512 praeclara
612 436 737 511 species,
754 443 815 492 tum
833 434 863 492 in
881 433 980 510 primis
1003 432 1154 508 aspicienda

119 546 163 594 est
178 536 270 610 figura
283 535 385 609 capitis
400 544 488 609 atque
503 534 590 591 ardor
603 534 772 591 oculorum:

202 668 298 725 Huic
332 685 402 724 non
435 684 505 722 una
537 664 644 723 modo
678 672 788 739 caput
817 681 951 721 ornans
980 662 1089 720 stella
1113 678 1154 718 re·

922 761 1040 831 lucet,

200 864 331 921 Verum
353 874 516 936 tempora
537 869 620 918 sunt
641 858 784 933 duplici
806 858 951 933 fulgore
972 866 1110 926 notata,
1165 878 1173 918 ς

202 962 228 1018 Ε
252 960 490 1034 trucibusque
520 958 638 1015 oculis
667 956 738 1014 duo
767 954 912 1013 fervida
939 955 1077 1013 lumina
1101 953 1155 1011 lla·

925 1062 1043 1128 grant,

200 1157 319 1230 Atque
340 1173 410 1212 uno
433 1164 589 1211 mentum
611 1152 770 1210 radianti
793 1149 914 1209 sidere
936 1152 1054 1224 lucet;

200 1253 395 1328 Obstipum
417 1250 526 1327 'caput
546 1262 580 1309 at
602 1251 712 1309 tereti
735 1249 880 1307 cervice
901 1249 1081 1307 reflexum

201 1350 377 1409 Obtutum
399 1351 433 1407 in
455 1348 572 1407 cauda
594 1349 742 1407 maioris
764 1348 883 1422 sigere
905 1346 1023 1406 dicas.
1163 1369 1178 1399 κ

76 1490 114 1532 1oe
123 1483 161 1539 Et
174 1482 317 1557 reliquum
332 1481 452 1557 quidem
467 1500 573 1556 corpus
590 1481 733 1538 Draconis
748 1481 815 1537 totis
831 1480 966 1537 noctibus
981 1478 1135 1537 cernimus:
1190 1546 1192 1551 ¹

202 1614 285 1670 Hoc
320 1622 429 1687 caput
464 1612 522 1670 hic
556 1613 702 1688 paulum
737 1630 825 1670 sese
859 1611 982 1670 subito
1013 1623 1153 1684 aequore
1190 1662 1192 1673 ,

925 1707 1066 1779 condst,
1189 1676 1192 1767 l

202 1806 311 1865 Ortus
340 1806 400 1865 ubi
429 1818 537 1881 atque
568 1807 690 1865 obitus
720 1817 855 1882 partem
885 1804 1105 1863 admiscetur
1128 1801 1154 1858 in

924 1921 1037 1960 unam.
1162 1904 1176 1944 ¹5

124 1983 160 2041 Id
174 1993 272 2041 autem
288 1993 376 2060 caput

203 2115 399 2189 Attingens
421 2114 570 2172 defessa
588 2115 689 2173 velut
712 2115 910 2174 maerentis
932 2114 1048 2190 imago
1188 2066 1192 2275 ί

203 2212 380 2282 Vertitur,

1189 2278 1192 2381 l

102 2334 105 2341 ’
124 2361 212 2417 quam
227 2342 348 2418 quidem
363 2343 470 2403 Graeci

205 2475 417 2549 Engonasin
438 2474 617 2546 vocitant,
633 2476 789 2550 genibus
811 2476 895 2551 quia
915 2477 1000 2535 nixa
1019 2475 1176 2533 seratum

205 2572 277 2629 Hic
299 2572 361 2628 illa
382 2572 514 2629 eximio
536 2573 657 2646 posita
678 2585 732 2630 est
754 2574 896 2649 fulgore
918 2575 1075 2632 Corona.

124 2702 220 2775 Atque
235 2701 309 2758 haec
323 2701 443 2776 quidem
458 2720 476 2758 a
489 2712 580 2776 terg0,
596 2713 715 2778 propter
730 2714 818 2778 caput
833 2714 931 2761 autem
946 2704 1140 2780 Anguitenens,

80 2856 118 2898 109
205 2830 463 2903 Quemclaro
487 2832 705 2906 perhibent
733 2833 988 2909 Ophiuchum
1015 2829 1155 2890 nomine

926 2932 1041 2991 Graii.

205 3025 283 3083 Hic
317 3042 458 3101 pressu
494 3025 637 3101 duplici
671 3027 870 3103 palmarum
903 3029 1069 3087 continet
1097 3024 1182 3082 Anas

927 3145 1045 3201 guem,

204 3221 322 3295 Atque
344 3220 421 3278 eius
443 3221 521 3296 ipse
543 3230 664 3279 manet
682 3222 859 3296 religatus
882 3240 1036 3298 corpore
1057 3225 1158 3282 tort0;

206 3317 370 3392 Namque
404 3318 518 3376 virum
553 3317 709 3377 medium
745 3337 895 3394 serpens
927 3321 991 3379 sub
1023 3324 1161 3394 pectora

927 3417 1057 3492 cingit.

206 3512 275 3571 Ille
296 3521 417 3570 tamen
438 3511 561 3570 nitens
582 3514 744 3585 graviter
763 3514 920 3588 vestigia
940 3514 1045 3588 ponit
1170 3532 1189 3574 φ

205 3611 323 3684 Atque
344 3609 473 3668 oculos
494 3616 624 3683 urguet
644 3610 802 3683 pedibus
823 3620 1027 3686 pectusque
1047 3600 1162 3681 Nepai.

126 3738 344 3815 Septentriones
358 3747 457 3798 autem
470 3738 602 3814 sequitur
