2504 4170
341 300 408 350 Lm.
426 301 448 349 1.
482 299 544 350 cn.
555 300 680 359 xxx1x,
690 300 746 349 xi.
780 301 810 364 §s
826 300 947 362 tob-113.
1126 285 1166 366 ⁶5

106 463 257 530 oportere.
300 455 362 512 Isto
389 451 489 524 modo,
512 453 653 527 quoniam
679 452 814 511 homines
842 454 977 512 mortales
1005 462 1082 524 sunt,
1110 453 1167 511 sint

107 551 196 625 aliqui
222 550 401 621 inmortales,
416 560 446 607 et
466 550 606 624 quoniam
628 559 787 607 nascuntur
808 549 838 607 in
863 559 946 620 terra,
961 561 1118 608 nascantur
1138 552 1168 609 in

106 666 194 722 aqua.
204 679 248 689 —
260 649 299 705 Et
313 647 383 721 quia
396 655 463 705 sunt
476 664 552 722 quae
567 646 743 718 interimant,
757 647 814 705 sint
835 665 911 722 quae
933 658 1116 706 conservent.
1127 680 1168 690 —

106 745 170 802 Sint
192 762 275 814 sane,
293 742 347 801 sed
369 761 405 801 ea
425 753 608 814 conservent,
626 761 704 817 quae
724 753 791 802 sunt
802 763 811 814 ;
832 744 906 802 deos
929 744 1000 802 istos
1019 763 1084 803 esse
1106 764 1167 803 non

73 842 212 900 ssentio.
256 841 362 899 Omnis
388 849 488 898 tamen
515 840 579 909 istav
596 859 693 898 rerum
721 840 831 916 effigies
859 860 896 899 ex
923 841 1079 900 individuis
1107 854 1211 917 quorro

106 936 200 995 modo
214 937 388 1012 corporibus
402 938 512 995 oritur?
531 956 607 1013 quae
629 937 742 996 etiamsi
763 949 870 1010 essent,
893 957 968 1013 quae
990 939 1070 996 nulla
1090 948 1165 1010 sunt,

106 1036 216 1111 pellere
241 1053 274 1092 se
301 1035 366 1110 ipsa
391 1045 421 1094 et
442 1035 543 1111 agitari
566 1035 641 1092 inter
664 1053 695 1092 se
721 1053 866 1093 concursu
891 1037 1012 1094 fortasse
1036 1047 1165 1112 possent,

105 1133 242 1203 formare,
260 1132 393 1208 figurare,
412 1132 552 1204 colorare,
573 1133 702 1190 animare
721 1151 782 1190 non
801 1141 931 1207 possent.
974 1133 1063 1191 Nullo
1082 1135 1168 1207 igitur

105 1228 199 1287 modo
224 1228 410 1287 inmortalem
433 1228 524 1287 deum
547 1228 671 1293 efficitis.
711 1229 872 1287 Videamus
900 1248 981 1288 nunc
1005 1230 1042 1287 de
1067 1231 1209 1291 beato.40

65 1350 92 1377 10
106 1327 175 1385 Sine
197 1326 303 1383 virtute
325 1335 404 1384 certe
424 1324 504 1383 nullo
524 1325 615 1383 modo
626 1346 635 1397 ;
654 1326 744 1383 virtus
766 1336 865 1384 autem
887 1337 1014 1398 actuosa,
1038 1337 1068 1384 et
1091 1327 1165 1385 deus

104 1434 203 1481 vester
216 1422 290 1481 nihil
305 1441 415 1498 agens,
436 1440 540 1497 expers
553 1423 664 1481 virtutis
678 1422 783 1498 igitur3
805 1423 845 1480 ita
865 1442 903 1480 ne
917 1424 1019 1481 beatus
1034 1424 1164 1498 quidem.

106 1520 194 1593 Quae
209 1538 280 1594 ergo
294 1519 374 1578 vita?
413 1518 625 1594 Suppeditatio,
640 1520 745 1594 inquis,
760 1521 905 1579 bonorum
924 1521 1003 1578 nullo
1021 1522 1208 1579 malorumrrr

105 1605 285 1695 interventu.
328 1615 462 1690 Quorum
487 1615 608 1674 taudem
633 1617 799 1675 bonorum?
839 1618 1038 1692 Voluptatum,
1063 1618 1163 1690 credo,

104 1731 218 1789 nempe
233 1712 273 1771 ad
287 1731 395 1788 corpus
408 1713 636 1788 pertinentium
657 1714 766 1772 nullam
781 1716 860 1772 enim
881 1716 1000 1772 novistis
1021 1716 1076 1773 nisi
1097 1734 1162 1791 pro-

63 1830 91 1870 ιε
104 1811 217 1868 sectam
240 1827 259 1867 a
278 1827 401 1885 corpore
426 1818 457 1867 et
477 1809 651 1867 redeuntem
672 1811 711 1868 ad
733 1830 840 1886 corpus
863 1812 952 1868 animi
973 1813 1163 1886 voluptatem.

105 1909 181 1965 Non'
198 1907 322 1965 arbitror
338 1918 377 1978 te,
395 1907 499 1979 Vellei,
519 1907 642 1965 similem
661 1925 725 1966 esse
747 1909 958 1982 Epicureomm
977 1910 1162 1983 reliquorum,

104 2025 183 2082 quos
198 2025 259 2064 non
271 2005 383 2082 pudeat
396 2006 582 2081 quamndam
597 2008 717 2081 Epicuri
731 2025 848 2079 vocum,
863 2008 969 2081 quibus
984 2008 1029 2065 ille
1044 2019 1164 2066 testatur

105 2123 138 2164 se
159 2122 199 2162 ne
220 2103 388 2179 intellegere
409 2104 531 2178 quidem
551 2105 642 2162 ullum
661 2105 781 2175 bonum,
801 2104 884 2179 quod
904 2105 940 2162 sit
960 2107 1125 2163 seiunctum
1146 2125 1164 2163 a

105 2201 241 2261 delicatis
255 2211 285 2259 et
299 2200 435 2259 obscenis
447 2201 644 2276 voluptatibus
656 2220 664 2272 ;
686 2219 758 2275 quas
778 2200 898 2275 quidem
912 2220 973 2258 non
987 2202 1163 2261 embescens

61 2322 92 2348 ιο
105 2299 291 2375 persequitur
315 2298 410 2356 omnis
434 2298 616 2356 nominatim.
661 2298 758 2371 Quem
784 2298 883 2356 cibum
908 2298 993 2373 igitur
1016 2308 1066 2354 aut
1089 2317 1161 2373 quas
1170 2315 1207 2355 ua

79 2411 86 2424 *¹
104 2396 245 2472 potiones
263 2406 314 2452 aut
327 2413 398 2470 quas
412 2413 520 2453 vocum
536 2404 586 2452 aut
600 2394 703 2452 flomm
716 2395 869 2452 varietates
891 2405 940 2452 aut
961 2413 1036 2470 quos
1058 2405 1162 2468 tactus,

105 2510 182 2568 quos
196 2491 304 2550 odores
323 2491 475 2550 adhibebis
496 2491 535 2548 ad
556 2491 639 2562 de0S,
655 2501 686 2549 ut
708 2510 758 2549 eos
778 2490 934 2566 perfundas
949 2492 1163 2566 voluptatibus?

106 2591 147 2647 Et
161 2589 268 2663 poetae
283 2587 403 2662 quidem
421 2586 538 2665 [nectar
557 2587 750 2666 ambrosiam]
769 2588 869 2662 epulas
890 2598 1050 2663 conparant
1063 2599 1093 2646 et
1113 2599 1163 2647 aut

106 2687 293 2743 Iuventatem
305 2695 353 2742 aut
365 2685 571 2760 Ganymedem
581 2686 689 2760 pocula
700 2686 919 2756 ministrantem,
928 2696 960 2742 tu
971 2696 1079 2757 autem,
1091 2687 1161 2761 Epi-

62 2803 91 2842 πε
106 2800 186 2853 cure,
202 2781 275 2857 quid
288 2782 399 2840 facies?
440 2783 547 2857 Neque
561 2783 650 2853 enim,
664 2783 745 2840 unde
759 2782 865 2840 habeat
880 2783 934 2840 ista
944 2783 1017 2840 deus
1030 2792 1106 2853 tuus,
1120 2784 1160 2840 vi·

105 2880 176 2949 de0,
190 2896 248 2937 nec
262 2897 322 2954 quo
336 2878 427 2937 modo
442 2890 546 2938 utatur.
589 2880 778 2954 Locupletior
792 2879 878 2953 igitur
894 2880 1047 2937 hominum
1060 2891 1163 2937 natura

105 2975 147 3034 ad
167 2976 253 3034 beate
267 2976 424 3034 vivendum
441 2987 486 3034 est
499 2995 589 3051 quam
610 2976 743 3047 deorum,
758 2975 840 3051 quod
861 2976 988 3050 pluribus
1007 2978 1161 3050 generibus

104 3073 208 3131 fruitur
231 3073 420 3147 voluptatum.
462 3075 500 3132 At
528 3074 580 3131 has
607 3074 729 3132 leviores
755 3073 838 3130 ducis
862 3074 1033 3147 voluptates,
1056 3074 1161 3147 quibus
1169 3085 1205 3126 11³

105 3170 191 3246 quasi
205 3169 327 3227 titillatio
342 3170 477 3246 (Epicuri
488 3171 566 3228 enirn
581 3170 639 3228 hoc
649 3171 771 3229 verbum
783 3171 841 3243 est)
855 3169 1010 3227 adhibetur
1019 3170 1160 3233 sensibus

64 3291 93 3330 30
107 3266 271 3340 Quousque
294 3265 390 3324 ludis?
431 3268 509 3325 Nam
532 3269 620 3325 etiam
644 3268 727 3326 Philo
749 3278 849 3325 noster
870 3266 942 3324 serre
964 3284 1025 3322 non
1047 3276 1162 3340 poterat

106 3362 255 3438 aspernari
271 3363 432 3436 Epicureos
447 3364 541 3421 mollis
554 3374 585 3421 et
599 3363 738 3421 delicatas
752 3363 915 3439 voluptates
927 3384 935 3435 ;
958 3381 1072 3420 summa
1083 3363 1161 3420 enim

106 3459 250 3516 memoria
264 3459 469 3533 pronuntiabat
482 3459 619 3534 plurimas
634 3459 753 3535 Epicuri
764 3460 921 3517 sententias
932 3459 966 3516 iis
977 3459 1046 3533 ipsis
1057 3460 1160 3530 verbis,

106 3555 214 3629 quibus
229 3564 309 3612 erant
324 3555 467 3629 scriptae3
490 3555 653 3613 Metrodori
672 3573 750 3624 vero,
772 3556 823 3628 qui
844 3566 887 3613 est
910 3556 1029 3630 Epicuri
1050 3556 1162 3630 collega

106 3650 277 3725 sapientiae,
292 3649 382 3706 multa
405 3650 610 3724 inpudentiora
633 3650 791 3721 recitabat,
821 3661 940 3708 accusat
964 3651 1043 3708 enim
1061 3652 1161 3727 Timo·

66 3770 93 3812 ιε
107 3756 228 3820 cratem,
249 3746 366 3805 fratrem
386 3764 481 3819 suum,
503 3745 702 3821 Metrodorus,
721 3743 807 3824 quod
825 3744 945 3808 dubitet
961 3746 1080 3818 omnia,
1093 3761 1177 3819 onae
