2504 4170
118 252 179 317 ¹40
443 255 492 306 nn
513 255 658 308 narona
680 255 847 309 nnonunr.

193 409 332 486 Aspice
359 407 428 467 hoc
455 409 613 469 sublime
643 409 828 484 candens,
857 430 971 488 quem
1001 411 1152 472 invocant

799 526 933 568 omnes
956 511 1093 568 Iovem.

75 622 99 662 11
114 605 206 678 Quasi
220 622 289 661 vero
309 604 462 679 quisquam
479 613 611 662 nostrum
632 605 718 663 istum
740 605 840 680 potius
863 624 956 681 quam
979 607 1155 682 Capitolinum

114 703 216 759 Iovem
232 701 359 776 appellet
373 710 422 759 aut
437 701 495 759 hoc
509 702 696 776 perspicuum
716 702 752 760 sit
772 690 953 778 constetque
975 705 1051 762 inter
1070 704 1155 774 omnis,

113 817 164 856 eos
179 817 242 856 esse
258 799 340 869 deos,
352 817 426 873 quos
441 799 493 856 tibi
504 799 632 857 Velleius
647 800 787 873 multique
802 811 960 874 praeterea
969 819 1008 859 ne
1020 801 1176 859 animantist

113 895 233 970 quidem
255 913 319 953 esse
341 894 518 954 concedant.
561 897 657 955 Grave
678 897 767 954 etiam
788 908 999 972 argumentum
1019 899 1073 957 tibi
1091 896 1157 956 vide·

112 991 205 1062 batur,
230 990 312 1066 quod
340 992 441 1068 opinio
466 991 504 1050 de
532 991 578 1050 dis
606 993 806 1051 inmortalibus
829 1004 860 1051 et
884 995 1021 1053 omnium
1045 1002 1159 1053 essetet

113 1088 223 1147 cotidie
245 1099 398 1147 cresceret.
442 1090 543 1147 Placet
564 1091 649 1165 igitur
668 1100 763 1148 tantas
784 1108 832 1148 res
854 1091 999 1166 opinione
1020 1091 1159 1150 stultomn
1199 1102 1202 1159 f

78 1185 244 1257 biudicari,
266 1186 349 1244 vobis
377 1187 557 1261 praesertim,
579 1188 629 1261 qui
654 1186 716 1245 illos
738 1187 857 1245 insanos
878 1205 944 1246 esse
967 1188 1095 1247 dicatis?
1128 1189 1160 1247 llt

113 1284 192 1341 enim
213 1284 374 1358 praesentis
388 1283 522 1341 videmus
544 1282 626 1355 deos,
642 1292 673 1341 ut
689 1281 770 1358 apud
785 1283 934 1359 Regillum
950 1285 1124 1356 Postumius,
1135 1284 1185 1342 in·

112 1380 220 1438 Salaria
233 1380 386 1451 Vatinius;
408 1380 509 1438 nescio
524 1379 596 1455 quid
610 1381 699 1438 etiam
718 1380 756 1437 de
772 1380 936 1438 Locrorum
951 1381 1036 1457 apud
1054 1383 1160 1457 Sagram

111 1476 233 1551 proelio.
276 1477 358 1550 Quos
373 1477 458 1552 igitur
474 1487 505 1534 tu
519 1475 703 1552 Tyndaridas
722 1477 900 1551 appellabas,
916 1477 948 1535 id
970 1488 1016 1536 est
1038 1478 1159 1537 hominus

112 1573 232 1631 homine
252 1585 346 1645 natos,
362 1584 391 1631 et
412 1593 486 1648 quos
509 1576 668 1645 Homems,
683 1574 733 1649 qui
752 1590 857 1632 recens
877 1574 917 1634 ab
937 1575 1055 1633 illorum
1076 1584 1159 1634 aetate

112 1671 174 1741 luit,
197 1670 326 1745 sepultos
350 1689 413 1729 esse
437 1671 508 1729 dicit
532 1671 767 1741 Lacedaemone,
790 1689 843 1729 eos
865 1680 898 1729 tu
920 1672 1079 1732 cantheriis
1098 1671 1159 1731 albis

112 1768 196 1825 nullis
218 1768 368 1826 calonibus
389 1769 428 1827 ob
443 1769 520 1826 viam
534 1768 652 1825 Vatinio
666 1768 780 1825 venisse
802 1768 951 1827 existimas
973 1780 1005 1829 et
1017 1770 1160 1829 victoriam
1167 1782 1184 1823 u

112 1866 214 1939 populi
230 1866 358 1922 Romani
371 1866 490 1922 Vatinio
505 1865 612 1939 potius,
628 1865 739 1922 homini
753 1865 873 1937 rustico,
887 1884 979 1941 quam
994 1869 1040 1926 Μ.
1055 1865 1159 1938 Catoni,

113 1962 162 2036 qui
187 1971 249 2019 tum
274 1972 334 2018 erat
359 1962 504 2037 princeps,
530 1961 728 2019 nuntiavissei‘
769 1962 847 2036 Ergo
872 1972 904 2021 et
928 1963 1001 2022 illud
1024 1965 1057 2023 in
1080 1965 1158 2035 silice,

113 2056 194 2132 quod
209 2056 298 2115 hodie
313 2070 434 2132 apparet
448 2058 528 2133 apud
544 2058 689 2132 Regillum
704 2067 854 2132 tamquam
864 2060 1022 2135 vestigium
1033 2061 1158 2137 ungulae,

75 2171 101 2213 ra
114 2154 241 2213 Castoris
263 2155 331 2228 equi
353 2156 448 2212 credis
472 2156 558 2213 esse?
599 2156 708 2212 Nonne
729 2155 819 2212 mavis
840 2155 913 2214 illud
933 2157 1069 2231 credere,
1089 2154 1158 2234 quod

113 2251 230 2326 probari
244 2260 350 2325 potest,
365 2253 478 2310 animos
496 2251 712 2327 praeclarorum
729 2251 892 2324 hominum,
907 2254 1011 2328 quales
1030 2255 1078 2314 isti
1090 2256 1157 2331 Tyn·
1166 2270 1183 2299 ¹⁰

114 2347 233 2405 daridae
248 2348 371 2419 suerunt,
387 2347 501 2406 divinos
523 2366 586 2406 esse
608 2357 638 2406 et
658 2358 801 2419 aeternos,
816 2366 907 2423 quam
928 2368 993 2422 eos,
1008 2352 1060 2427 qui
1080 2348 1158 2411 semel

114 2444 235 2501 cremati
249 2454 355 2515 essent,
367 2446 496 2519 equitare
511 2446 585 2503 etin
600 2445 663 2502 acie
678 2463 807 2521 pugnare
821 2447 978 2520 potuisse?
999 2459 1060 2522 aut,
1074 2449 1098 2508 si
1110 2448 1157 2506 hoc

113 2541 175 2598 fieri
203 2542 332 2615 potuisse
361 2541 443 2612 dicis,
468 2541 578 2600 doceas
606 2552 731 2617 oportet,
756 2559 815 2616 quo
843 2541 946 2615 modo,
968 2562 1028 2603 nec
1051 2544 1157 2604 fabellas

76 2653 101 2694 ra
114 2637 203 2695 aniles
224 2639 361 2712 proferas.
402 2639 480 2695 Tum
495 2639 640 2696 Lucilius:
662 2641 709 2697 An
726 2639 787 2710 tibi,
802 2639 904 2712 inquit,
924 2640 1051 2700 fabellae
1069 2642 1157 2701 viden·

114 2735 180 2791 tur?
221 2734 329 2791 Nonne
349 2734 387 2791 ab
401 2736 436 2792 A.
453 2735 602 2793 Postumio
622 2734 728 2793 aedem
742 2735 856 2794 Castori
874 2745 905 2793 et
924 2737 1040 2796 Polluci
1058 2739 1089 2797 in
1105 2738 1182 2796 fotor

116 2829 293 2901 dedicatam,
304 2849 403 2888 nonne
418 2841 534 2889 senatus
550 2833 715 2889 consultum
727 2831 765 2890 de
776 2832 894 2889 Vatinio
904 2832 1012 2893 vides?
1040 2837 1116 2894 Nam
1127 2831 1158 2891 de

115 2928 203 3001 Sagra
217 2928 398 2985 Graecomm
413 2928 500 2985 etiam
515 2938 558 2986 est
572 2928 687 3003 volgare
701 2928 896 3004 proverbium,
911 2930 972 3004 qui,
987 2949 1066 3006 quae
1084 2930 1159 2989 adfir-

116 3033 205 3094 mant,
221 3024 344 3081 certiora
364 3042 428 3082 esse
450 3024 553 3082 dicunt
574 3043 663 3099 quam
684 3026 741 3097 illa,
756 3043 830 3100 quae
844 3025 926 3100 apud
940 3027 1073 3104 Sagram.
1089 3089 1092 3095 ,
1111 3025 1159 3086 His

114 3120 199 3193 igitur
213 3121 378 3178 auctoribus
392 3139 491 3178 nonne
503 3121 596 3180 debes
607 3122 739 3179 moveri?
762 3124 838 3179 Tum
851 3121 959 3182 Cotta:
980 3125 1158 3191 Rumoribus,

115 3217 217 3290 inquit,
228 3235 346 3274 mecum
357 3234 480 3291 pugnas,
492 3218 592 3289 Balbe,
604 3236 660 3292 ego
671 3228 770 3276 autem
782 3236 799 3275 a
812 3228 842 3275 te
856 3219 984 3281 rationes
998 3223 1114 3297 requiro
1123 3238 1186 3281 ...a

78 3291 103 3397 fi
156 3314 330 3387 Sequuntur,
345 3332 420 3388 quae
435 3315 529 3374 sutura
542 3326 618 3373 sunt.
661 3314 796 3390 Effugere
811 3315 891 3373 enim
905 3334 997 3376 nemo
1015 3318 1048 3377 id
1063 3324 1159 3395 potest,

115 3409 197 3483 quod
211 3411 337 3468 futurum
353 3421 406 3468 est.
448 3413 541 3486 Saepe
556 3421 653 3470 autem
667 3430 705 3469 ne
720 3413 789 3469 utile
804 3412 925 3487 quidem
939 3423 985 3472 est
999 3416 1084 3488 scire,
1097 3408 1160 3490 quid

116 3507 242 3565 futurum
266 3508 303 3564 sit
314 3527 322 3578 ;
350 3507 487 3565 misemm
512 3518 556 3566 est
580 3509 659 3566 enim
687 3509 758 3566 nihil
785 3509 990 3585 proficientem
1017 3514 1087 3588 angi
1112 3525 1160 3569 nec

116 3604 222 3661 habere
238 3622 275 3661 ne
290 3603 353 3678 spei
368 3602 488 3677 quidem
503 3613 664 3662 extremum
679 3615 709 3663 et
724 3616 823 3664 tamen
837 3624 998 3666 commune
1016 3610 1161 3677 solacium,

116 3701 285 3775 praesertim
306 3717 374 3756 eum
388 3718 440 3757 vos
461 3699 551 3758 iidem
572 3703 632 3760 sato
652 3701 715 3760 fieri
731 3701 835 3763 dicatis
849 3703 959 3777 omnia,
972 3705 1057 3780 quod
1070 3714 1188 3764 autema
