2504 4170
127 252 187 331 156
450 264 498 313 ua
518 264 664 315 Narona
686 263 847 314 osonum.

122 419 202 495 quod
228 418 360 489 sentiam,
385 436 446 475 non
471 418 565 476 habeo
593 427 691 475 autern
713 416 795 492 quod
819 417 872 477 tibi
894 416 1051 477 adsentiar.
1091 417 1157 492 Nep

122 528 225 576 tunum
240 534 303 573 esse
320 515 393 573 dicis
407 516 537 572 animum
552 533 620 572 curn
636 514 832 588 intellegentia
853 533 907 589 per
927 533 1007 572 mare
1028 515 1157 589 pertinen-

121 626 191 686 tem,
214 614 293 671 idem
316 612 354 669 de
377 613 493 671 Cerere.
536 613 627 668 Istam
648 621 746 668 autern
767 611 999 686 intellegentiam
1020 621 1070 669 aut
1088 612 1158 669 maris

121 721 171 768 aut
192 721 283 767 terrae
305 728 365 766 non
385 707 477 765 modo
496 706 748 781 comprehendere
762 708 871 778 animo,
888 708 942 765 sed
956 726 995 765 ne
1010 709 1158 783 suspicione

121 807 242 882 quidem
267 825 386 881 possum
412 805 561 878 attingere.
605 804 707 877 Itaque
732 803 851 861 aliunde
876 804 949 863 mihi
974 804 1180 879 quaerendums

122 915 174 974 est,
190 913 221 961 ut
242 913 272 960 et
291 920 354 960 esse
374 901 456 971 deos,
471 910 500 958 et
515 901 614 976 quales
629 900 686 957 sint
701 899 741 971 di,
756 899 870 959 discere
885 902 998 975 possim
1007 923 1015 974 3
1037 903 1123 976 qualis
1135 912 1159 958 tu

122 1019 173 1058 eos
188 1018 251 1057 esse
266 1000 308 1057 vis
324 1043 331 1056 .
348 1043 377 1056 ..

83 1117 109 1157 aa
160 1096 321 1155 Videamus
337 1114 381 1166 ea,
396 1113 471 1169 quae
487 1103 655 1168 sequuntur,
671 1094 798 1167 primum
812 1093 977 1153 deorumne
992 1094 1160 1169 providentia

121 1193 249 1251 mundus
270 1203 392 1267 regatur,
408 1190 516 1249 deinde
539 1190 731 1248 consulantne
750 1190 780 1247 di
797 1191 884 1249 rebus
900 1192 1044 1250 humanis.
1087 1194 1159 1250 Haec

122 1292 200 1348 enim
221 1290 292 1348 mihi
314 1307 349 1346 ex
371 1299 421 1346 tua
441 1288 595 1362 partitione
618 1296 727 1344 restant
749 1286 828 1358 duo;
855 1286 893 1345 de
917 1289 1032 1362 quibus,
1048 1289 1071 1346 si
1090 1289 1159 1346 vobis
1169 1313 1185 1340 u

120 1386 243 1457 videtur,
265 1386 428 1443 accuratius
450 1383 653 1442 disserendum
675 1393 756 1458 puto.
801 1384 877 1442 Mihi
897 1402 977 1455 vero,
1000 1385 1091 1460 inquit
1104 1384 1159 1441 Vel·

120 1485 202 1554 leius,
216 1483 301 1540 valde
319 1482 433 1539 videtur
443 1502 452 1553 ;
474 1500 542 1538 nam
557 1491 586 1538 et
607 1481 718 1538 maiora
738 1490 865 1556 expecto
887 1490 917 1538 et
938 1481 982 1552 iis,
999 1501 1074 1557 quae
1094 1481 1160 1539 dicta

121 1589 196 1651 sunt,
210 1579 400 1636 vehementer
420 1577 577 1636 adsentior.
618 1578 696 1634 Turn
718 1577 843 1635 Balbus:
869 1578 1058 1652 Interpellare
1077 1588 1112 1648 te,
1125 1578 1159 1634 in-

121 1677 193 1751 quit,
204 1677 301 1747 Cotta,
316 1675 395 1747 n010,
411 1674 463 1732 sed
478 1692 626 1732 sumemus
640 1685 756 1749 tempus
771 1673 869 1747 aliud;
890 1674 1018 1733 efficiam
1032 1675 1158 1751 proiecto,

121 1774 283 1831 utsatearc.
326 1771 454 1831 Sed...
1168 1790 1185 1829 u

202 1920 441 1994 Nequaquam
469 1918 566 1976 istuc
591 1920 685 1976 istac
709 1917 797 1989 ibit;
821 1921 950 1994 magna
975 1920 1070 1978 inest
1093 1936 1157 1976 cer·

804 2015 906 2074 tatio

203 2114 292 2171 Nam
321 2122 358 2170 ut
387 2129 454 2186 ego
484 2111 539 2169 illi
569 2111 819 2187 supplicarem
849 2115 954 2170 tanta
984 2113 1158 2172 blandilo-

801 2210 979 2283 quentia?

77 2335 266 2445 {ssssParumne
287 2354 451 2413 ratiocinari
469 2353 584 2412 videtur
604 2363 634 2411 et
654 2354 709 2412 sibi
729 2354 793 2429 ipsa
814 2355 954 2413 nefariam
975 2367 1090 2431 pestem
1109 2372 1186 2414 maa

121 2453 253 2513 chinari?
294 2450 370 2510 Illud
384 2470 453 2509 vero
468 2469 557 2526 quam
572 2451 678 2508 callida
690 2451 821 2510 ratione!

203 2599 273 2672 Qui
293 2598 372 2656 volt
393 2615 489 2669 esse,
504 2597 604 2673 qudd
624 2599 714 2670 volt,
729 2598 780 2655 ita
800 2598 863 2656 dat
883 2600 920 2656 se
941 2618 1013 2672 res,
1029 2610 1066 2658 ut
1085 2615 1177 2675 ope-¹·

804 2699 877 2754 ram
899 2696 1012 2756 dabit.

122 2841 182 2917 Qui
196 2850 240 2900 cst
253 2859 352 2900 versus
367 2842 499 2899 omnium
513 2838 671 2900 seminator
685 2842 836 2902 malorum.

204 2969 272 3047 ille
307 2999 472 3047 traversa
501 2992 623 3048 mente
655 2989 701 3048 mi
731 2988 842 3048 hodie
877 2989 1036 3050 tradidit
1066 2991 1187 3068 rapt-u

803 3087 900 3161 gula,

203 3181 344 3256 Quibus
375 3200 442 3258 ego
471 3183 558 3240 iram
590 3185 733 3242 omnem
761 3183 949 3242 recludam
976 3194 1086 3262 atque
1115 3180 1162 3242 illi

805 3281 1008 3354 perniciem
1028 3282 1134 3352 dabo,

202 3374 294 3433 Mihi
322 3392 520 3446 maerores,
550 3375 604 3433 llli
639 3377 787 3447 luctum,
817 3378 969 3435 exitium
998 3379 1069 3451 illi,
1096 3376 1161 3436 exi·

804 3473 891 3531 lium
913 3475 1010 3534 mihi.

122 3625 212 3683 Hanc
235 3624 372 3682 videlicet
398 3623 549 3692 rationem,
575 3641 663 3697 quam
687 3642 739 3681 vos
768 3625 867 3684 divino
892 3629 1036 3686 beneficio
1061 3623 1163 3685 homini

82 3721 216 3780 ursolum
239 3720 377 3780 tributam
405 3718 510 3792 dicitis,
536 3719 646 3777 bestiae
674 3737 735 3777 non
763 3721 881 3780 habent.
922 3723 1052 3782 Videsne
1076 3724 1163 3799 igitur,
