2504 4170
126 274 188 338 160
450 288 500 338 na
520 287 666 340 nurum
688 288 847 341 osonum

121 442 203 517 Quid
231 444 323 519 ergo?
351 443 397 502 isti
421 442 492 515 doli,
517 442 610 518 quid?
634 442 797 516 machinae,
819 442 914 518 quid?
937 443 1070 502 fallaciae
1095 461 1158 521 prae·

120 541 292 616 strigiacque
317 559 388 598 num
410 541 472 598 sine
496 541 607 597 ratione
633 558 697 598 esse
721 542 903 615 potuerunt?
945 541 975 600 Ο
999 541 1159 617 praeclarum

119 656 225 695 munus
241 638 364 695 deorum
378 641 384 695 l
406 646 437 694 ut
453 637 591 694 Phormio
605 637 698 710 possit
712 636 830 694 dicere:

160 783 262 843 Cedo
291 801 436 856 senem;
470 783 540 840 iam
568 783 747 841 instructa
774 791 857 840 sunt
885 783 932 841 mi
962 784 999 842 in
1027 783 1129 843 corde

779 880 940 938 consilia
963 882 1095 939 dmnia.
1170 906 1178 946 ς

75 994 114 1102 2?
122 1026 179 1085 Sed
195 1046 332 1086 exeamus
347 1045 363 1084 e
380 1026 502 1096 theatra
517 1026 668 1083 veniamus
683 1026 713 1083 in
728 1027 832 1083 forum.
875 1028 996 1085 Sessum
1015 1028 1037 1086 it
1054 1037 1157 1102 praetor.

120 1123 201 1197 Quid
223 1133 254 1181 ut
275 1123 439 1181 iudicetur?
481 1122 540 1195 Qui
555 1122 728 1179 tabularium
743 1122 917 1181 incenderit.
961 1124 1053 1198 Quod
1066 1125 1157 1182 facinus

120 1221 283 1278 occultius?
324 1218 361 1277 Id
375 1237 406 1277 se
422 1219 460 1292 Q.
472 1219 580 1290 Sosius,
595 1217 767 1293 splendidus
782 1236 874 1293 eques
888 1221 1043 1278 Romanus
1058 1239 1092 1278 ex
1104 1236 1157 1294 agro

119 1318 238 1388 Piceno,
254 1318 357 1374 secisse
376 1316 527 1372 confessus
546 1325 598 1372 est.
641 1315 701 1388 Qui
721 1316 949 1389 transscripserit
970 1317 1080 1375 tabulas
1099 1316 1156 1391 pub

118 1415 197 1471 licas.
240 1413 276 1471 Id
287 1431 405 1488 quoque
422 1413 455 1469 L.
468 1412 577 1469 Alenus
591 1411 669 1481 iecit,
682 1430 749 1469 cum
761 1411 990 1488 chirographum
1005 1433 1056 1472 sex
1069 1414 1156 1489 primo
1166 1435 1181 1464 ιο

118 1529 183 1567 rum
198 1511 323 1568 imitatus
338 1519 390 1567 est.
428 1507 510 1582 Quid
526 1508 583 1566 hoc
598 1507 717 1566 homine
732 1509 896 1566 sollertius?
934 1511 1090 1586 Cognosce
1103 1511 1156 1567 alias

118 1608 313 1681 quaestiones,
335 1606 396 1663 auri
423 1605 588 1676 Tolossani,
610 1605 818 1662 coniurationis
844 1606 1054 1680 Iugurthinae;
1075 1618 1156 1682 repere

119 1704 275 1778 superiora,
290 1703 396 1760 Tubuli
414 1701 452 1760 de
472 1702 598 1776 pecunia
616 1712 704 1776 capta
723 1702 762 1759 ob
779 1720 841 1759 rem
862 1702 1063 1776 iudicandam,
1077 1713 1156 1780 poste·

118 1801 201 1871 riora,
218 1799 255 1857 de
270 1800 383 1857 incestu
397 1799 547 1874 rogatione
568 1798 733 1869 Peducaca‚
748 1808 810 1856 tum
826 1799 900 1856 haec
914 1801 1072 1872 cotidiana,
1086 1802 1156 1870 sicae,

118 1898 233 1967 veneni,
250 1897 411 1970 peculatus,
428 1904 668 1953 testamentorum
690 1895 778 1952 etiam
799 1896 862 1970 lege
885 1916 963 1955 nova
979 1900 1157 1973 quaestiones.
1166 1908 1181 1947 ¹⁵

120 1993 194 2051 Inde
210 1994 257 2049 illa
271 1994 366 2050 actio:
389 2009 446 2050 ora
462 2009 657 2060 cousrurooua
675 2009 734 2050 ruo
753 2010 875 2051 rourum
893 2011 944 2052 mo
964 2013 1082 2054 ruerunt
1097 2010 1157 2064 assa,

118 2090 188 2147 inde
210 2100 253 2147 tot
274 2089 382 2147 iudicia
397 2089 435 2146 de
457 2088 516 2146 fide
536 2090 620 2160 mala,
636 2090 751 2159 tutelae,
767 2089 908 2162 mandati,
923 2109 978 2166 pro
993 2094 1084 2164 socio,
1098 2090 1157 2149 fidu·

119 2188 191 2256 ciac,
204 2187 321 2260 reliqua,
333 2204 409 2262 quae
424 2204 461 2243 ex
475 2196 576 2260 empto
588 2197 638 2243 aut
648 2186 769 2243 vendito
784 2200 833 2244 aut
847 2187 1000 2247 conducto
1015 2200 1064 2248 aut
1077 2190 1158 2247 locato

119 2294 221 2340 contra
231 2283 320 2341 fidem
332 2284 413 2354 frunt,
425 2283 495 2340 inde
510 2283 651 2341 iudicium
662 2284 812 2359 publicum
823 2285 865 2342 rei
876 2285 1006 2359 privatae
1018 2288 1081 2362 lege
1092 2287 1158 2345 Plae-

118 2382 200 2450 toria,
220 2380 289 2438 inde
311 2381 500 2438 everriculum
522 2380 696 2437 malitiarum
717 2381 858 2452 omnium,
879 2381 1024 2441 iudicium
1045 2384 1083 2442 de
1103 2382 1184 2441 dolor

118 2478 204 2548 malo,
217 2477 297 2551 quod
313 2478 347 2536 C.
363 2477 512 2553 Aquillius
527 2477 672 2535 familiaris
686 2488 793 2548 noster,
808 2479 945 2553 protulit;
968 2498 1059 2554 quem
1073 2481 1159 2540 dolum

118 2574 197 2631 idem
212 2574 353 2649 Aquillius
367 2584 429 2631 tum
444 2574 536 2630 teneri
553 2583 644 2648 putat,
660 2593 728 2631 eum
747 2573 826 2631 aliud
847 2576 883 2632 sit
904 2575 1081 2650 simulatum,
1095 2573 1159 2635 aliud

80 2684 105 2728 rs
119 2680 225 2728 actum.
269 2672 359 2727 Hanc
374 2671 458 2745 igitur
472 2679 583 2727 tantam
597 2689 615 2726 a
626 2670 670 2728 dis
685 2671 883 2729 inmortalibus
898 2673 1071 2733 arbitramur
1083 2675 1159 2732 malo-

117 2787 181 2824 rum
207 2768 361 2824 sementim
382 2784 446 2824 esse
468 2767 597 2824 factam?
637 2768 666 2826 Si
687 2768 766 2825 enim
787 2767 930 2827 rationem
955 2770 1119 2830 hominibus
1137 2767 1160 2826 di

118 2863 271 2934 dederunt,
286 2864 425 2921 malitiam
440 2863 603 2935 dederunt3
627 2875 671 2922 est
686 2865 765 2922 enim
779 2866 888 2923 malitia
901 2878 1018 2926 versuta
1039 2880 1069 2927 et
1089 2869 1186 2927 fallare

117 2962 190 3019 ratio
212 2959 359 3032 nocendi;
382 2959 472 3017 iidem
492 2960 580 3017 etiam
595 2960 626 3019 di
645 2961 777 3019 fraudem
791 2960 946 3035 dederunt,
961 2965 1074 3025 facinus
1094 2975 1160 3024 cete·

117 3076 216 3131 raque,
231 3075 356 3130 quorum
377 3057 448 3114 nihil
469 3075 525 3114 nec
547 3058 654 3132 suscipi
675 3058 737 3116 sine
759 3058 871 3117 ratione
892 3078 950 3118 nec
971 3061 1050 3121 effici
1066 3069 1160 3139 potest.

119 3154 300 3213 ‘Utinam’
315 3153 409 3228 igitur,
425 3163 457 3210 ut
471 3153 519 3210 illa
532 3172 604 3211 anus
619 3164 710 3228 optat,

566 3318 609 3357 ne
630 3300 665 3357 in
686 3319 833 3359 nemore
856 3304 958 3362 Pelio
979 3307 1162 3366 securibus

159 3398 297 3456 Caesae
326 3394 558 3454 accidissent
585 3393 764 3471 abiegnae
796 3398 839 3455 ad
870 3399 1003 3460 terram
1034 3404 1190 3470 trabes‚³0

118 3561 160 3617 sic
179 3560 264 3617 istam
284 3557 471 3615 calliditatem
489 3557 654 3616 hominibus
670 3559 701 3617 di
714 3578 752 3617 ne
768 3560 937 3620 dedissent!
959 3582 1019 3638 qua
1032 3561 1163 3642 perpauci

117 3656 194 3714 bene
209 3664 336 3725 utuntur,
351 3672 401 3728 qur
420 3662 518 3710 tamen
539 3654 593 3728 ipsi
614 3673 702 3730 saepe
716 3674 735 3712 a
749 3657 823 3714 male
838 3660 986 3718 utentibus
1001 3663 1162 3736 opprimun-

117 3761 172 3824 tur,
186 3748 411 3809 innumerabiles
431 3758 531 3807 autem
551 3749 684 3824 improbe
705 3761 832 3826 utuntur,
847 3763 879 3811 ut
893 3753 1006 3815 donum
1025 3757 1084 3819 hoc
1097 3756 1163 3817 divi·
