2504 4170
311 282 378 332 LIB.
396 282 445 333 111.
477 283 538 333 Car.
550 283 756 333 ΧΧΧ-ΧΧΧΙΙ.
792 285 823 347 §§
837 297 925 350 74-79.
1084 272 1139 332 161

70 453 140 493 num
150 435 288 494 rationis
301 445 331 494 et
342 436 453 493 consilii
469 435 507 494 ad
521 436 653 495 fraudem
664 437 841 510 hominibus,
854 456 914 496 non
928 438 967 496 ad
982 438 1144 496 bonitatem

72 532 266 606 impertitum
281 550 347 589 esse
362 531 501 590 videatur.

114 629 177 688 Sed
192 630 310 704 urgetis
325 628 487 687 identidem
506 630 659 688 hominum
674 649 737 689 esse
752 632 837 688 istam
852 633 979 706 eulpam,
994 650 1055 689 non
1070 613 1186 722 deo-37}

76 744 162 797 rum;
185 736 220 783 ut
241 727 267 783 si
286 725 421 783 medicus
439 728 608 801 gravitatem
628 729 731 798 morbi,
747 729 923 803 gubernator
936 730 995 787 vim
1015 740 1142 804 tempes-

78 823 146 881 tatis
171 833 317 894 accuset;
340 823 394 880 etsi
414 823 444 881 hi
464 824 587 898 quidem
612 825 792 895 homunculi,
816 825 871 882 sed
896 837 995 883 tamen
1019 826 1142 884 ridiculi.

80 919 155 993 Quis
178 919 262 977 enim
283 929 313 976 te
334 919 522 991 adhibuisset,
537 920 641 978 dixerit
655 922 810 996 quispiam,
826 922 849 979 si
871 923 926 979 ista
946 941 1007 980 non
1026 925 1144 980 essent?

80 1016 195 1076 Contra
205 1015 299 1075 deum
314 1016 383 1074 licet
393 1016 540 1092 disputare
555 1018 679 1076 liberius.
717 1020 753 1076 In
767 1019 922 1077 hominurn
933 1020 1008 1078 vitiis
1022 1020 1063 1077 ais
1078 1038 1142 1078 esse

81 1114 209 1189 culpam.
254 1114 333 1170 Eam
347 1112 479 1172 dedisses
493 1113 659 1172 hominibus
674 1116 827 1186 rationem,
840 1135 915 1190 quae
931 1117 999 1173 vitia
1013 1117 1142 1191 culpam-

81 1229 140 1287 que
170 1211 351 1270 excluderet.
392 1213 453 1272 Ubi
476 1213 562 1287 igitur
584 1213 667 1271 locus
691 1214 745 1272 luit
769 1215 858 1272 errori
879 1214 1023 1272 deorum?
1064 1216 1143 1272 Nam

59 1309 260 1385 spatrimonia
281 1326 335 1383 spe
355 1309 431 1367 bene
452 1308 588 1368 tradendi
607 1311 806 1385 relinquimus,
821 1329 879 1385 qua
893 1329 1048 1386 possumus
1065 1312 1142 1384 falli;

83 1405 157 1464 deus
172 1406 230 1463 falli
245 1406 297 1480 qui
312 1407 427 1480 potuit?
467 1409 514 1464 An
532 1416 564 1464 ut
583 1408 640 1478 Sol,
656 1408 686 1465 in
705 1426 821 1465 currum
841 1426 908 1465 cum
929 1408 1142 1466 Phaethontem

83 1503 175 1562 filium
189 1503 316 1574 sustulit,
327 1512 376 1560 aut
391 1503 557 1578 Neptunus,
569 1522 636 1561 cum
647 1504 779 1562 Theseus
791 1504 987 1580 Hippolytum
1003 1504 1141 1579 perdidit,

84 1618 153 1658 cum
168 1609 212 1658 ter
225 1598 352 1674 optandi
366 1617 384 1656 a
398 1601 538 1674 Neptuno
549 1609 631 1674 patre
643 1601 790 1659 habuisset
804 1603 1003 1674 potestatem?
1038 1601 1141 1659 Poeta·
1155 1610 1180 1654 tr

83 1715 148 1755 rum
181 1697 238 1754 ista
270 1704 347 1767 sunt,
375 1714 430 1753 nos
457 1706 556 1754 autem
584 1696 750 1772 philosophi
783 1715 847 1754 esse
875 1698 1017 1768 volumus,
1046 1716 1142 1755 rerum

59 1803 229 1865 sanctores,
250 1810 314 1850 non
341 1793 510 1852 fabularum.
552 1796 648 1868 Atque
673 1793 703 1852 hi
728 1804 827 1852 tamen
851 1794 906 1869 ipsi
929 1793 959 1851 di
984 1795 1094 1870 poetici
1118 1795 1142 1851 si

85 1892 208 1950 scissent
228 1889 396 1966 perniciosa
419 1890 480 1947 sore
505 1891 552 1948 illa
575 1890 649 1961 filiis,
670 1909 811 1966 peccasse
837 1892 867 1948 in
891 1891 1037 1953 beneficio
1059 1901 1142 1966 puta-

85 2000 191 2047 rentur.
236 1989 284 2058 Et,
307 1986 332 2044 si
351 2005 451 2044 vemm
479 1997 531 2058 est,
554 1987 635 2062 quod
660 1990 757 2046 Aristo
781 1988 873 2047 Chius
896 1988 994 2046 dicere
1020 1989 1141 2059 solebat,

85 2103 193 2144 nocere
215 2083 402 2142 audientibus
423 2084 615 2159 philosophos
636 2085 679 2156 iis,
697 2085 747 2160 qui
765 2085 843 2143 bene
861 2085 941 2143 dicta
959 2086 1034 2142 male
1054 2086 1141 2142 inter·

86 2191 269 2258 pretarentur
287 2181 391 2256 (posse
412 2181 491 2238 enim
511 2192 608 2238 asotos
628 2200 665 2238 ex
684 2182 832 2256 Aristippi,
849 2183 970 2240 acerbos
985 2200 1002 2239 e
1016 2183 1142 2239 Zenonis

59 2298 78 2326 ¹⁰
88 2281 185 2339 schola
206 2277 317 2353 exire),
332 2295 456 2352 prorsus,
471 2279 504 2347 si,
520 2278 569 2352 qui
591 2277 755 2348 audierunt,
771 2279 866 2335 vitiosi
880 2289 977 2335 essent
992 2277 1141 2351 dicessuri,

88 2377 166 2453 quod
193 2392 332 2454 perverse
359 2374 600 2450 philosophorum
621 2373 849 2450 disputationem
877 2375 1141 2448 interpretarentur,

89 2485 181 2534 tacere
203 2482 364 2550 praestaret
382 2471 564 2547 philosophis
579 2490 667 2545 quam
682 2473 725 2542 iis,
740 2473 790 2546 qui
805 2490 836 2529 se
851 2471 1008 2541 audissent,
1024 2489 1140 2530 nocere.

90 2572 140 2645 Sic,
154 2573 178 2631 si
193 2571 331 2631 homines
345 2569 487 2627 rationem
501 2569 582 2627 bono
597 2569 719 2626 consilio
733 2587 751 2625 a
766 2568 810 2626 dis
828 2568 1027 2626 inmortalibus
1043 2568 1141 2626 datam
1155 2585 1180 2626 rs

91 2669 115 2727 in
134 2669 269 2728 fraudem
291 2668 488 2742 malitiamque
511 2676 693 2736 convertunt,
712 2683 772 2722 non
792 2664 853 2722 dari
875 2666 953 2723 illam
972 2684 1059 2739 quam
1079 2665 1141 2722 dari

59 2764 214 2825 ²shumano
229 2766 332 2842 generi
347 2750 448 2823 melius
463 2764 524 2822 luit.
566 2764 616 2833 Ut,
629 2763 653 2819 si
668 2761 800 2819 medicus
815 2762 887 2818 sciat
902 2779 968 2818 eum
980 2772 1140 2835 aegrotum,

93 2865 133 2937 qui
157 2865 252 2922 iussus
278 2862 315 2920 sit
338 2862 437 2919 vinum
463 2879 586 2930 sumere,
610 2859 753 2916 meracius
779 2844 960 2932 sumpturum
986 2859 1141 2931 statimque

93 2962 254 3033 periturum,
270 2977 377 3034 magna
394 2959 431 3016 sit
449 2958 478 3016 in
499 2957 593 3031 culpa,
609 2957 651 3014 sic
666 2966 761 3013 vestra
776 2956 829 3012 ista
844 2954 1027 3028 providentia
1043 2973 1139 3028 repre·

95 3054 253 3129 hendenda,
269 3074 346 3132 quae
362 3056 504 3114 rationem
519 3053 633 3111 dederit
647 3055 689 3123 iis,
705 3071 779 3126 quos
799 3053 894 3108 scierit
909 3069 944 3107 ea
958 3069 1092 3125 perverse
1112 3063 1141 3109 et

95 3153 206 3230 inprobe
226 3172 341 3214 usuros
384 3153 448 3211 Nisi
469 3153 542 3210 forte
557 3151 653 3208 dicitis
675 3169 741 3207 eam
762 3150 899 3206 nescisse.
941 3149 1063 3207 Utinam
1077 3149 1140 3222 qui-

68 3258 88 3296 ³⁰
97 3249 155 3310 dem
168 3256 174 3312 l
209 3251 271 3312 Sed
282 3269 344 3309 non
354 3249 507 3309 audebitis.
544 3250 613 3306 Non
629 3248 707 3304 enirn
723 3248 834 3322 ignoro,
847 3246 946 3320 quanti
959 3246 1020 3302 eius
1032 3263 1141 3302 nomen

96 3351 199 3420 putetis.

130 3447 183 3506 Sed
197 3447 247 3504 hic
262 3443 384 3521 quidem
397 3444 480 3501 locus
500 3440 638 3499 concludi
660 3442 719 3498 iam
740 3449 846 3514 potest.
890 3439 968 3495 Nam
983 3439 1005 3494 si
1021 3437 1139 3494 stultitia
1146 3430 1184 3537 {92

100 3556 231 3602 consensu
258 3542 390 3600 omnium
418 3539 660 3615 philosophorum
690 3537 781 3594 maius
801 3546 844 3592 est
866 3535 983 3604 malum,
1006 3553 1094 3606 quam
1117 3535 1140 3590 si

100 3640 185 3697 omnia
205 3640 283 3697 mala
304 3649 334 3696 et
354 3638 485 3695 fortunae
507 3647 537 3693 et
559 3636 687 3709 corporis
709 3651 745 3690 ex
773 3633 862 3688 altera
882 3641 964 3705 parte
986 3638 1139 3703 ponantur,

75 3735 261 3811 sapientiam
289 3744 388 3795 autem
412 3751 501 3794 nemo
526 3731 703 3808 adsequitur,
725 3730 754 3787 in
783 3728 903 3787 summis
928 3727 1010 3784 malis
1035 3743 1140 3783 omnes
