2504 4170
124 283 182 344 108
448 293 497 342 nu
519 293 664 344 nxxuxx
684 292 846 344 osonum.

119 467 156 507 ex
171 448 351 524 corpusculis
373 466 434 505 non
458 447 562 516 calore,
578 465 638 504 non
662 448 800 522 qualitate
820 447 924 523 aliqua,
940 467 1029 524 quam
1045 450 1179 526 ποιότητα

120 549 225 607 Graeci
241 557 355 616 vocant,
371 564 431 602 non
453 564 538 602 sensu
561 545 707 619 praeditis,
731 545 784 602 sed
805 547 1045 604 concurrentibus
1068 557 1175 605 temere

118 656 206 720 atque
222 663 290 701 casu
306 642 449 699 mundum
465 660 527 699 esse
543 644 714 716 perfectum,
730 644 775 699 vel
795 642 1018 701 innumerabiles
1037 646 1136 718 potius
1150 646 1176 701 in

119 744 198 800 omni
214 752 325 817 puncto
342 741 481 814 temporis
499 740 569 796 alios
585 740 675 809 nasci,
691 739 763 796 alios
781 740 917 797 interire?
958 741 1075 814 Quodsi
1097 761 1175 798 mun·

119 840 190 897 dum
219 839 334 896 efficere
365 848 461 912 potest
487 855 646 894 concursus
676 846 848 908 atomorum,
875 856 926 894 cur
949 839 1105 912 porticum,
1128 857 1198 896 curs

119 937 270 1011 templum,
292 955 344 992 cur
368 935 500 1005 domurn,
524 953 575 991 cur
593 934 695 991 urbem
718 953 778 992 non
800 936 917 1010 potest?
938 954 1012 1009 quae
1036 946 1104 993 sunt
1125 935 1173 992 mi·

119 1054 173 1092 nus
195 1052 318 1108 operosa
339 1043 368 1090 et
393 1033 485 1090 multo
508 1031 627 1106 quidem
651 1033 787 1089 faciliora.
836 1033 923 1092 Certe
946 1035 985 1090 ita
1007 1043 1118 1091 temere
1140 1031 1174 1090 de

119 1132 231 1190 mundo
246 1131 387 1201 effutiunt,
403 1141 435 1187 ut
456 1130 526 1187 mihi
549 1129 668 1204 quidem
692 1148 852 1204 numquam
876 1129 954 1187 hunc
977 1131 1173 1189 admirabilem

120 1231 191 1288 caeli
221 1241 364 1299 omatum‚
388 1230 443 1303 qui
463 1229 544 1286 locus
573 1239 616 1286 est
645 1229 803 1303 proximus,
829 1229 991 1303 suspexisse
1016 1228 1171 1287 videantur.

81 1328 269 1385 &Praeclare
291 1327 560 1401 ergoAristoteles:
593 1326 647 1384 ‘Si
677 1327 840 1397 essent',
866 1326 967 1401 inquit,
993 1327 1080 1401 ‘qui
1109 1326 1201 1384 subu

119 1435 227 1483 terra
257 1443 413 1499 semper
442 1424 745 1482 habitavissent
776 1423 893 1481 bonis
923 1435 960 1481 et
989 1424 1172 1482 inlustri·

119 1523 190 1581 bus
218 1522 461 1592 domiciliis,
491 1540 590 1596 quae
619 1531 758 1579 essent
786 1531 929 1579 ornata
962 1521 1092 1596 signis
1119 1531 1172 1579 at·

120 1638 193 1695 que
222 1620 398 1695 picturis
427 1620 715 1693 instructaque
744 1619 863 1676 rebus
893 1618 942 1675 iis
973 1619 1172 1689 omnibus,

119 1718 264 1792 quibus
299 1716 508 1774 abundant
544 1717 587 1787 ii,
618 1716 684 1790 qui
719 1716 830 1774 beati
865 1727 1076 1792 putantur,
1104 1735 1173 1774 nec

120 1825 250 1873 tamen
280 1815 463 1872 exissent
497 1832 677 1888 umquam
713 1832 833 1888 supra
867 1823 1030 1886 terram,
1060 1833 1202 1875 acce-1⁵

120 1913 278 1987 pissent
307 1923 437 1970 autem
470 1912 572 1968 fama
606 1922 643 1968 et
677 1911 890 1969 auditione
926 1930 1015 1969 esse
1050 1911 1173 1986 quod·

120 2009 205 2066 dam
247 2028 388 2066 numen
429 2019 467 2067 et
508 2011 582 2066 vim
624 2008 806 2080 deorum,
848 2008 998 2066 deinde
1039 2009 1174 2084 aliquo

120 2115 301 2181 tempore
344 2107 568 2182 patefactis
610 2116 743 2163 terrae
782 2106 970 2165 faucibus
1009 2125 1055 2164 ex
1093 2107 1174 2164 illis

120 2204 277 2262 abditis
313 2204 480 2262 sedibus
518 2203 691 2261 evadere
729 2203 767 2261 in
807 2204 904 2260 haec
942 2204 1049 2276 loca,
1079 2221 1175 2279 quae

120 2319 190 2359 nos
226 2301 461 2372 incolimus,
497 2312 616 2375 atque
651 2301 761 2358 exire
796 2301 1056 2376 potuissent:
1093 2319 1206 2359 cuma

120 2409 289 2474 repente
314 2410 458 2458 terram
484 2409 521 2456 et
545 2398 667 2455 maria
691 2399 929 2473 caelumque
954 2399 1174 2471 vidissent,

120 2497 281 2554 nubium
310 2496 631 2573 magnitudinem
659 2506 951 2571 ventorumque
979 2498 1055 2554 vim
1084 2516 1175 2573 cog·

120 2595 332 2652 novissent
365 2595 706 2669 aspexissentque
737 2594 862 2650 solem
893 2594 1061 2668 eiusque
1093 2613 1176 2651 cum

121 2690 441 2765 magnitudinem
476 2689 927 2765 pulchritudinemque,
949 2700 1029 2748 tum
1057 2692 1176 2749 etiam

122 2788 396 2846 efficientiam
422 2789 731 2862 cognovissent,
757 2787 863 2862 quod
891 2788 923 2845 is
947 2787 1053 2846 diem
1081 2789 1209 2850 essi-2⁵

122 2895 232 2943 ceret
260 2894 346 2941 toto
373 2885 486 2941 caelo
512 2885 601 2941 luce
627 2884 806 2955 diffusa3
832 2904 915 2942 cum
941 2895 1071 2943 autern
1096 2896 1175 2944 ter·

121 3002 181 3040 ras
209 2999 284 3038 nox
312 2993 547 3056 opacasset,
576 2992 655 3040 tum
683 2984 837 3040 caelum
872 2993 999 3040 totum
1035 3002 1176 3042 cerne-

121 3089 209 3136 rent
243 3080 364 3136 astris
399 3080 641 3138 distinctum
680 3090 718 3139 et
755 3091 936 3139 ornatum
973 3080 1177 3156 lunaeque

121 3176 309 3234 luminum
336 3179 578 3235 varietatem
612 3187 691 3235 turn
726 3180 973 3251 crescentiS,
1002 3190 1080 3238 turn
1115 3199 1177 3238 se-

121 3274 331 3332 nescentis
360 3292 577 3349 eorumque
606 3277 778 3333 omnium
806 3287 917 3336 ortus
942 3287 979 3335 et
1004 3296 1213 3338 occasusao

120 3380 240 3445 atque
269 3372 306 3429 in
335 3374 441 3431 omni
468 3374 718 3430 aeternitate
746 3385 856 3432 ratos
891 3375 1177 3434 inmutabiles-

121 3486 195 3542 que
230 3489 396 3542 cursus;
432 3489 530 3544 quae
566 3489 650 3527 cum
681 3470 886 3542 viderent,
916 3473 1105 3547 profecto
1140 3484 1178 3532 et

122 3584 210 3625 esse
239 3567 336 3627 deos
369 3577 405 3624 et
440 3567 538 3624 haec
576 3576 689 3623 tanta
726 3586 849 3643 opera
886 3568 1049 3628 deorum
1088 3589 1177 3629 esse

76 3637 446 3746 {garbitrarenturss
499 3665 595 3739 Atque
624 3663 698 3718 haec
726 3665 846 3738 quidem
879 3666 934 3723 ille.
988 3668 1051 3725 Nos
1079 3677 1178 3726 autern

120 3761 254 3820 tenebras
275 3761 437 3837 cogitemus
458 3771 560 3832 tantas,
576 3768 702 3834 quantae
717 3762 867 3834 quondam
883 3765 1036 3838 eruptione
1051 3766 1178 3823 Aetnae·
1192 3782 1213 3822 ³⁵
