2498 4170
232 304 298 354 un.
315 305 368 355 111.
400 305 668 367 cir.xxx1x‚x1,.
703 308 734 371 §5
746 316 835 372 9155.
1001 291 1061 369 167

51 466 124 530 nent,
134 457 217 517 audit
230 458 315 534 igitur
329 477 413 518 mens
428 459 526 518 divina
539 461 627 518 etiam
639 460 677 518 de
693 460 821 535 singulis,
863 458 977 516 Videtis
991 477 1061 533 ergo

51 572 76 611 »n
93 573 152 612 esse
173 553 240 613 ea‘m
259 566 319 614 tarn
337 567 523 631 occupatam,
538 576 627 633 quarn
641 558 808 632 putabatis?
851 558 908 614 Fac
924 575 987 614 esse
1002 557 1060 614 dis·

51 659 129 722 ntarn,
144 652 258 710 caelum
271 662 444 725 versantem,
460 664 565 711 terram
579 663 720 723 tuentem,
733 654 823 711 maria
837 653 1060 726 moderantem,

51 764 70 802 ir
88 757 143 806 tarn
167 750 274 808 multos
295 749 368 808 deos
393 750 464 807 nihil
485 769 571 825 agere
593 759 622 808 et
644 768 758 808 cessare
780 750 907 825 patitur?
928 770 980 807 cur
1000 768 1059 807 non

51 841 97 901 bus
115 845 248 903 humanis
268 847 379 921 aliquos
402 848 512 905 otiosos
534 847 606 905 deos
628 847 768 922 praeficit,
790 848 839 922 qui
861 867 879 904 a
899 858 937 918 te,
961 847 1060 918 Balbe,

51 942 231 1000 numerabiles
246 943 383 1018 explicati
397 946 484 1002 sunt?
519 945 606 1001 Haec
620 944 680 1002 fere
695 943 794 1002 dicere
809 945 898 1002 habui
909 944 947 1002 de
959 956 1061 1002 natura

51 1052 139 1110 eorum,
155 1057 216 1098 non
238 1049 270 1097 ut
290 1058 356 1098 earn
376 1040 518 1111 tollerem,
533 1040 587 1098 sed
603 1051 636 1099 ut
653 1041 865 1116 intellegeretis,
881 1059 969 1116 quarn
984 1051 1061 1099 esset

51 1149 132 1192 neura
145 1145 175 1193 et
189 1155 278 1212 quam
292 1136 417 1195 difficilis
431 1137 591 1212 explicatus
606 1137 736 1196 haberet.

62 1229 132 1304 Quae
146 1252 215 1291 curn
229 1233 358 1305 dixisset,
370 1235 458 1293 Cotta
471 1234 569 1292 finem.
612 1234 739 1292 Lucilius
753 1242 851 1291 autem
863 1256 869 1292 :
892 1233 1058 1292 Vehemen-

51 1344 81 1398 us,
98 1329 196 1405 inquit,
218 1331 315 1402 Cotta,
336 1340 367 1388 tu
392 1330 513 1406 quidem
537 1331 668 1388 invectus
693 1349 724 1388 es
749 1331 779 1388 in
803 1349 869 1389 eam
897 1331 1061 1390 Stoicorum

51 1423 158 1500 itionem,
180 1446 256 1502 quae
278 1428 316 1486 de
338 1428 522 1504 providentia
542 1427 664 1486 deorum
686 1428 724 1486 ab
744 1428 797 1486 illis
819 1429 1009 1486 sanctissume
1032 1439 1062 1486 et

51 1523 270 1584 rovidentissume
299 1527 456 1584 constituta
483 1535 537 1583 est.
580 1524 639 1584 Sed
666 1526 806 1600 quoniam
834 1525 1059 1601 advesperascit,

51 1617 96 1679 abis
113 1623 196 1681 nobis
216 1622 297 1681 diem
318 1623 454 1698 aliquem,
474 1633 506 1682 ut
527 1633 629 1680 contra
649 1624 704 1680 ista
722 1622 864 1680 dicamus.
907 1624 961 1681 Est
981 1625 1061 1681 enirn

51 1713 87 1774 ulti
103 1728 198 1778 tecum
219 1739 273 1796 pro
295 1721 349 1778 aris
371 1730 399 1778 et
420 1721 493 1778 locis
513 1729 662 1778 certarnen
683 1730 713 1777 et
731 1738 785 1794 pro
803 1718 926 1777 deorum
945 1721 1061 1795 templis

51 1828 100 1886 :que
113 1816 239 1876 delubris
258 1836 371 1892 proque
391 1818 468 1876 urbis
487 1817 585 1888 muris,
601 1836 674 1892 quos
688 1835 749 1887 vos,
765 1817 929 1892 pontifices,
945 1828 1062 1874 sanctos

51 1923 81 1966 'ne
93 1911 182 1972 dicitis
198 1914 422 1991 diligentiusque
445 1915 545 1972 urbem
567 1915 705 1989 religione
720 1932 810 1988 quarn
824 1914 893 1989 ipsis
907 1914 1062 1972 moenibus

51 2005 139 2086 hgins3
160 2031 236 2088 quae
259 2012 354 2070 deseri
375 2030 393 2068 a
413 2029 470 2082 me,
488 2011 559 2069 durn
578 2011 700 2085 quidem
720 2012 828 2086 spirare
850 2021 962 2086 potero,
980 2011 1061 2068 nefas

51 2101 118 2168 ldico.
156 2111 235 2167 Turn
250 2110 356 2168 Cotta:
380 2110 445 2183 Ego
459 2126 528 2165 vero
550 2118 579 2166 et
600 2119 672 2183 opto
692 2107 827 2183 redargui
845 2126 902 2179 me,
918 2108 1017 2178 Balbe,
1031 2116 1062 2165 et

51 2216 65 2271 t,
77 2223 142 2281 quae
156 2207 312 2283 disputavi,
327 2205 467 2263 disserere
488 2206 576 2263 malui
597 2224 685 2280 quarn
707 2204 836 2263 iudicare
857 2215 887 2262 et
907 2205 991 2263 facile
1013 2223 1062 2263 me

58 2306 81 2358 te
96 2306 168 2364 vinci
187 2322 276 2380 posse
297 2313 377 2361 certo
394 2303 465 2360 sci0.
508 2302 636 2377 Quippe,
651 2302 743 2376 inquit
757 2302 894 2372 Velleius,
910 2303 959 2377 qui
974 2303 1063 2361 etiam

51 2402 121 2460 >mnia
139 2412 223 2479 putet
244 2401 284 2459 ad
304 2420 359 2458 nos
380 2401 454 2458 mitti
475 2400 512 2458 ab
528 2401 607 2470 love,
623 2417 699 2474 quae
716 2399 781 2473 ipsa
797 2409 895 2457 tamen
912 2410 972 2456 tam
989 2400 1064 2457 levia

51 2508 158 2573 nsunt,
174 2519 264 2575 quam
286 2509 330 2557 est
350 2498 513 2557 Stoicorum
528 2495 565 2553 de
580 2507 682 2553 natura
695 2495 819 2553 deorum
833 2497 934 2554 oratio.
977 2498 1063 2554 Haec

51 2607 83 2652 lm
101 2608 194 2657 essent
214 2597 303 2667 dicta,
321 2596 361 2652 ita
381 2594 576 2663 discessimuS,
595 2602 627 2649 ut
644 2592 756 2650 Velleio
778 2593 883 2650 Cottae
905 2592 1063 2668 disputatio

51 2689 109 2767 trior,
122 2696 194 2755 mihi
216 2693 300 2753 Balbi
320 2691 359 2751 ad
375 2690 500 2750 veritatis
522 2687 741 2748 similitudinem
754 2688 900 2748 videretur
913 2707 977 2748 esse
996 2708 1063 2766 pro-

51 2791 132 2855 ustor.

1067 1205 1106 1312 49²)

1074 2119 1100 2160 ut
