2504 4170
145 230 186 308 78
473 242 521 290 na
543 241 688 290 NATURA
709 238 867 288 pronun.

145 393 214 454 tion,
228 391 318 445 which
331 409 386 445 was
399 392 468 445 used
481 391 509 443 in
523 391 569 444 the
582 389 736 460 beginning
747 389 780 443 of
794 388 840 442 the
855 397 1002 458 argument
1016 397 1047 442 to
1059 405 1146 458 prove
1157 388 1197 442 the

145 480 284 533 existence
296 477 329 533 of
343 479 388 532 the
400 478 482 548 gods,
497 477 520 529 is
532 477 614 547 again
633 475 795 529 introduced
814 475 878 527 here
898 484 927 528 to
945 474 1026 527 show
1046 475 1094 529 the
1113 475 1197 528 divine

145 583 206 620 care
225 566 267 620 lor
285 583 349 618 men
371 565 447 633 (162,
466 564 556 632 163)¹;
582 563 637 615 this
652 579 713 615 care
732 562 755 614 is
774 562 869 616 shown
889 571 918 614 to
936 560 972 614 be
992 561 1139 615 bestowed
1156 571 1198 615 not

145 654 211 723 only
225 669 300 721 upon
320 652 366 704 the
385 652 487 703 human
506 667 567 703 race
587 650 615 702 in
633 648 743 719 general
769 649 819 701 but
836 664 912 716 upon
930 657 1060 715 separate
1079 648 1198 717 portions

145 740 200 793 and
213 756 287 808 upon
301 737 466 791 individuals
490 737 562 798 who,
577 737 656 789 when
670 734 872 804 distinguished
887 732 929 786 for
941 735 1102 788 excellence
1118 734 1198 788 above

146 826 217 880 their
229 826 343 887 sellows‚
358 824 426 877 have
439 824 517 877 owed
532 823 553 876 it
565 822 664 891 chiefly
682 830 710 874 to
725 822 771 874 the
791 821 855 889 help
873 819 905 874 of
920 820 967 873 the
988 820 1119 892 lavoring
1135 821 1199 891 gods

149 914 312 983 (164-167).
352 913 383 964 ln
397 910 558 965 conclusion
584 909 685 962 Balbus
700 907 812 961 exhorts
825 908 908 960 Cotta
921 915 950 960 to
963 907 1068 961 devote
1088 907 1132 960 his
1150 907 1200 960 dia·

146 999 226 1053 lectic
238 999 300 1051 skill
312 998 368 1051 and
381 998 530 1066 eloquence
544 995 635 1048 rather
652 1004 681 1048 to
697 994 742 1047 the
762 993 875 1046 defence
888 992 920 1047 of
936 992 1016 1047 these
1030 994 1116 1048 views
1141 994 1200 1048 than

147 1095 176 1138 to
190 1085 236 1138 the
249 1084 418 1138 destruction
431 1082 463 1136 of
473 1083 519 1135 the
532 1080 619 1135 belief
628 1081 656 1133 in
670 1081 716 1133 the
728 1080 800 1150 gods
815 1080 909 1149 (168).

184 1271 243 1317 1As
253 1272 299 1316 this
312 1271 379 1328 point
394 1271 414 1315 is
430 1271 486 1328 only
499 1269 583 1327 briefly
595 1269 700 1313 touched
716 1280 783 1324 upon
800 1266 864 1320 here,
878 1265 965 1311 Cicero
980 1266 1027 1312 has
1043 1270 1138 1314 treated
1153 1269 1169 1314 it
1182 1274 1202 1313 et
1240 1284 1243 1289 ·

147 1347 227 1404 length
242 1347 266 1390 in
276 1347 316 1390 the
330 1345 398 1389 book
409 1345 447 1388 De
459 1344 619 1396 Divinatione,
629 1342 707 1387 where
724 1342 762 1386 his
778 1341 876 1386 brother
886 1340 992 1398 Quintus
1001 1341 1072 1399 gives
1087 1343 1130 1390 the
1144 1342 1202 1390 Stoic

147 1421 206 1466 view
222 1421 272 1465 ancl
281 1420 312 1464 he
323 1417 420 1463 himself
427 1418 466 1462 the
475 1417 617 1463 Academic.

120 2129 131 2168 l

117 2061 134 2117 1
157 2023 325 2228 QUAE
346 2062 414 2102 cum
435 2043 524 2104 Cotta
544 2042 672 2114 dixisset,
689 2053 753 2100 tum
772 2042 919 2102 Velleius:
942 2043 990 2102 Ne
1015 2061 1084 2120 eg0,
1105 2045 1204 2122 inquit,

261 2142 403 2212 incautus,
418 2141 468 2216 qui
487 2160 555 2198 cum
570 2140 751 2198 Academico
768 2150 798 2198 et
812 2139 920 2198 eodem
934 2140 1051 2199 rhetore
1067 2141 1205 2219 congredi

152 2248 274 2296 conatus
288 2239 362 2296 sim!
406 2239 484 2296 Nam
498 2256 595 2313 neque
616 2237 787 2295 indisertum
808 2236 1021 2295 Academicum
1042 2240 1205 2313 pertimuis-

152 2353 214 2392 sem
235 2353 291 2393 nec
311 2336 373 2393 sine
395 2336 449 2394 ista
471 2334 657 2410 philosophia
677 2334 824 2392 rhetorem
843 2335 975 2409 quamvis
997 2335 1205 2410 eloquentem;

152 2450 249 2507 neque
263 2433 342 2489 enim
357 2432 475 2490 flumine
490 2433 649 2490 conturbor
664 2433 793 2489 inanium
807 2432 962 2489 verborum
976 2449 1032 2490 nec
1050 2434 1229 2493 subtilitates

154 2530 370 2599 sententiarum,
382 2530 406 2587 si
421 2531 558 2587 orationis
573 2539 616 2586 est
631 2530 754 2587 siccitas.
795 2529 841 2586 Tu
856 2541 963 2600 autem,
975 2529 1074 2602 Cotta,
1086 2541 1206 2607 utraque

152 2643 183 2682 re
197 2625 328 2697 valuisti;
351 2643 460 2684 corona
474 2626 525 2683 tibi
540 2636 569 2682 et
591 2625 703 2684 iudices
724 2626 887 2684 defuerunt.
930 2625 988 2684 Sed
1002 2625 1041 2684 ad
1061 2628 1117 2686 ista
1131 2628 1207 2700 alias,
1230 2689 1231 2693 ,

121 2734 233 2779 anunc
257 2722 410 2793 Lucilium,
432 2723 456 2779 si
481 2722 535 2796 ipsi
557 2723 748 2780 commodum
769 2733 822 2794 est,
838 2722 998 2781 audiamus.
1039 2725 1120 2783 Turn
1143 2725 1207 2784 Bal·

154 2819 226 2876 bus:
258 2819 396 2876 Eundem
432 2816 570 2892 equidem
601 2821 717 2877 mallem
743 2819 843 2877 andire
878 2821 1006 2892 Cottam,
1038 2820 1122 2896 dum,
1152 2840 1208 2900 qua

154 2916 321 2991 eloquentia
335 2916 421 2973 falsos
435 2914 509 2973 deos
523 2914 645 2987 sustulit,
661 2917 766 2975 eadem
780 2935 863 2976 veros
878 2917 1007 2976 inducat.
1050 2920 1105 2978 Est
1130 2922 1208 2980 enim
1219 2944 1238 2974 s

154 3018 184 3065 et
198 3006 363 3081 philosophi
377 3017 407 3065 et
421 3006 568 3081 pontilicis
583 3018 613 3065 et
627 3008 732 3067 Cottae
753 3008 792 3067 de
813 3008 858 3068 dis
879 3010 1079 3070 inmortalibus
1101 3011 1209 3072 habere

154 3122 214 3162 non
236 3114 379 3162 errantem
400 3114 430 3161 et
450 3123 563 3180 vagam,
585 3116 617 3163 ut
637 3105 817 3178 Academici,
837 3105 900 3178 sed,
915 3117 946 3165 ut
960 3109 1060 3180 nostri,
1075 3109 1209 3168 stabilem

155 3211 324 3276 certamque
341 3202 525 3260 sententiam.
568 3203 646 3260 Nam
667 3213 769 3261 contra
791 3204 952 3278 Epicurum
973 3205 1041 3263 satis
1062 3223 1209 3282 superque

155 3297 335 3357 dictumest.
378 3298 436 3358 Sed
451 3317 524 3357 aveo
538 3300 650 3370 audire,
665 3300 779 3375 tuipse,
795 3301 893 3371 Cotta,
907 3300 979 3376 quid
993 3303 1111 3362 sentias.
1154 3305 1209 3377 An,

156 3395 258 3469 inquit,
287 3397 393 3455 oblitus
420 3414 461 3467 es,
492 3395 564 3471 quid
595 3396 677 3454 initio
707 3395 839 3467 dixerim,
871 3398 981 3456 facilius
1019 3417 1076 3470 me,
1105 3400 1240 3465 talibusne

157 3493 324 3567 praesertim
346 3493 384 3551 de
404 3493 500 3564 rebus,
521 3491 592 3567 quid
612 3511 673 3550 non
692 3495 839 3565 sentirem,
859 3512 947 3568 quam
969 3495 1041 3570 quid
1061 3498 1210 3570 sentirem,

124 3605 138 3647 a
157 3607 244 3664 posse
259 3588 379 3647 dicere?
420 3589 535 3664 Quodsi
557 3589 695 3647 haberem
715 3590 834 3665 aliquid,
855 3590 937 3665 quod
958 3593 1089 3667 liqueret,
1110 3602 1211 3653 tamen

158 3696 187 3744 te
202 3686 328 3744 vicissim
342 3686 442 3745 audire
456 3686 570 3756 vellem,
584 3703 653 3744 cum
667 3687 730 3762 ipse
751 3697 812 3745 tam
833 3688 923 3745 multa
943 3688 1091 3749 dixissem.
1131 3692 1211 3751 Tum
