2504 4170
426 251 491 301 LlB.
505 251 539 300 11.
573 252 635 300 Car.
649 251 669 310 Ι,
682 252 716 300 ΙΙ.
751 253 851 316 §51-5.
1124 251 1166 320 79

102 405 232 465 Balbus:
257 407 368 466 Geram
381 406 434 464 tibi
448 423 560 464 morem
578 415 608 463 et
626 423 712 480 agam
732 424 821 479 quam
843 405 1020 463 brevissume
1041 414 1165 480 potero;

103 504 216 561 etenim
239 503 383 561 convictis
406 503 526 577 Epicuri
546 503 689 560 erroribus
711 503 798 578 longa
818 501 856 560 de
879 521 946 559 mea
966 501 1164 577 disputatione

102 599 239 657 detracta
252 600 347 658 oratio
361 609 412 657 est.
455 599 587 658 Omnino
609 598 742 657 dividunt
756 601 846 657 nostri
861 609 952 657 totam
968 601 1051 656 istam
1066 599 1104 656 de
1119 599 1165 659 dis

103 697 309 755 inmortalibus
330 698 532 771 quaestionem
554 697 583 754 in
604 697 692 770 partis
714 707 859 772 quattuor.
902 698 1031 754 Primum
1054 696 1166 756 docent

69 813 82 851 s
104 811 169 850 esse
185 792 269 864 deos,
285 791 394 851 deinde
409 794 510 868 quales
524 794 589 863 sint,
605 804 667 850 tum
684 793 828 851 mundum
849 794 887 852 ab
908 795 942 851 iis
962 794 1164 865 administrari,

103 900 257 964 postremo
294 890 446 947 consulere
482 908 534 948 eos
569 890 655 948 rebus
686 889 829 948 humanis.
880 892 944 948 Nos
971 902 1071 949 autem
1107 891 1165 949 hoc

104 1004 252 1057 sermone,
267 1004 344 1061 quae
359 987 455 1061 priora
470 986 531 1044 duo
545 997 621 1057 sunt,
642 1006 809 1060 sumamus;
831 988 947 1046 tertium
968 999 998 1045 et
1019 999 1163 1063 quartum,

104 1083 176 1158 quia
196 1084 309 1141 maiora
328 1093 404 1154 sunt,
427 1094 499 1158 puto
519 1102 582 1142 esse
596 1085 627 1142 in
641 1085 719 1142 aliud
734 1095 850 1159 tempus
864 1084 1034 1144 differenda.
1078 1087 1164 1143 Mini-

104 1198 153 1238 me
179 1198 259 1250 vero‚
285 1180 380 1254 inquit
402 1181 510 1253 Cotta,
531 1200 600 1238 nam
622 1191 652 1239 et
674 1182 759 1240 otiosi
781 1201 881 1240 sumus
905 1193 936 1240 et
958 1184 991 1241 iis
1014 1182 1052 1240 de
1077 1183 1164 1241 rebus

65 1303 91 1329 ιο
104 1277 228 1352 agimus,
243 1295 320 1352 quae
335 1287 403 1335 sunt
416 1279 505 1336 etiam
520 1279 643 1353 negotiis
658 1279 894 1359 anteponendae.

145 1374 223 1431 Tum
251 1374 398 1432 Lucilius:
430 1375 477 1432 Ne
499 1392 584 1449 egere
609 1374 729 1449 quidem
753 1375 877 1448 videtur,
905 1377 1007 1450 inquit,
1034 1353 1198 1461 orationeff

104 1472 200 1546 prima
230 1489 308 1546 pars.
352 1471 434 1546 Quid
467 1473 547 1530 enim
576 1482 673 1547 potest
703 1490 767 1530 esse
795 1483 855 1531 tam
883 1485 1016 1548 apertum
1045 1484 1164 1548 tamque

104 1569 306 1642 perspicuum,
330 1586 399 1626 cum
419 1570 535 1626 caelum
556 1569 738 1643 suspeximus
759 1571 953 1644 caelestiaque
975 1571 1164 1645 contemplati

105 1683 216 1735 sumus,
231 1682 323 1739 quam
337 1682 401 1723 esse
415 1665 535 1740 aliquod
549 1683 661 1724 numen
682 1668 945 1740 praestantissimae
967 1669 1082 1737 mentis,
1104 1684 1164 1741 quo

65 1785 90 1822 ιε
105 1761 182 1819 haec
202 1763 362 1836 regantur?
403 1762 494 1836 Quod
515 1763 545 1820 ni
567 1763 606 1820 ita
626 1774 712 1833 esset,
727 1765 777 1838 qui
798 1765 939 1838 potuisset
960 1763 1087 1822 adsensu
1101 1782 1163 1822 om·

105 1859 188 1916 nium
203 1856 304 1916 dicere
321 1858 451 1917 Ennius:

147 1986 284 2080 Aspice
325 2004 394 2063 hoc
433 2006 589 2064 sublime
626 2006 804 2080 candens,
843 2025 949 2082 quem
991 2012 1165 2067 invocant

796 2108 923 2163 omnes
946 2107 1084 2176 Iovem,

104 2250 187 2308 illum
214 2267 286 2308 vero
313 2260 344 2308 et
368 2251 470 2309 Iovem
497 2262 526 2310 et
551 2250 767 2310 dominatorem
791 2271 888 2310 rerum
914 2263 944 2310 et
968 2252 1068 2311 omnia
1092 2263 1165 2311 nutu

63 2373 92 2401 ω
104 2356 259 2423 regentem
274 2356 314 2418 et,
328 2356 361 2405 ut
375 2347 454 2406 idem
470 2348 592 2420 Ennius,

310 2503 450 2570 patrem
478 2493 676 2571 divumque
705 2496 964 2570 hominumque

104 2652 136 2700 et
159 2652 348 2717 praesentem
375 2659 411 2699 ac
440 2652 663 2717 praepotentem
691 2642 803 2701 deum?
844 2642 934 2717 Quod
962 2644 1012 2718 qui
1040 2642 1163 2712 dubitet,

104 2739 187 2797 haud
202 2757 274 2797 sane
289 2739 435 2814 intellego,
450 2757 502 2797 cur
516 2758 577 2797 non
591 2738 680 2810 idem,
696 2738 740 2797 sol
760 2740 847 2797 sitan
862 2741 956 2797 nullus
971 2742 1016 2809 sit,
1032 2739 1164 2798 dubitare

104 2837 207 2913 possit.
251 2836 310 2911 Qui
325 2839 404 2894 enim
419 2846 463 2894 est
477 2836 535 2894 hoc
550 2837 598 2895 illo
614 2838 798 2895 evidentius?
839 2837 998 2911 Quodnisi
1014 2839 1163 2912 cognitum
1183 2861 1196 2901 5

64 2957 90 2996 as
104 2933 405 3008 conprehensumque
430 2934 534 2991 animis
563 2934 745 3005 haberemus,
768 2952 827 2991 non
853 2944 913 2991 tam
934 2935 1041 2991 stabilis
1063 2935 1163 3008 opinio

104 3039 293 3107 permaneret
317 3048 374 3088 nec
399 3031 619 3089 confirmaretur
643 3031 830 3089 diuturnitate
856 3033 994 3104 temporis
1023 3050 1077 3087 nec
1106 3049 1164 3087 una

104 3146 176 3186 cum
190 3126 294 3185 saeclis
307 3127 508 3202 aetatibusque
523 3127 675 3185 hominum
691 3128 840 3186 inveterari
852 3129 1002 3202 potuisset.
1047 3129 1164 3184 Etenim

103 3224 241 3282 videmus
263 3233 375 3282 ceteras
398 3224 553 3298 opiniones
575 3225 658 3282 fictas
682 3235 769 3298 atque
794 3243 882 3281 vanas
904 3224 1090 3281 diuturnitate
1114 3241 1163 3279 ex-

104 3321 243 3380 tabuisse.
287 3321 361 3395 Quis
389 3321 468 3378 enim
493 3322 769 3396 Hippocentaurum
794 3321 881 3378 fuisse
906 3331 956 3378 aut
978 3321 1164 3379 Chimaeram

66 3445 92 3484 ao
104 3419 212 3494 putat?
232 3434 345 3492 quaeve
360 3436 432 3475 anus
452 3427 512 3474 tam
534 3436 636 3474 excors
661 3418 781 3475 inveniri
806 3426 912 3491 potest,
927 3435 1002 3491 qnae
1018 3416 1073 3485 illa,
1088 3433 1163 3489 quae

105 3515 260 3590 quondam
298 3515 494 3572 credebantur
529 3514 610 3589 apud
645 3515 752 3571 inferos
791 3524 934 3588 portenta,
974 3514 1165 3570 extimescat?

107 3611 266 3687 Opinionis
281 3612 360 3669 enim
375 3621 543 3668 commenta
557 3610 636 3668 delet
651 3610 722 3680 dies,
738 3620 857 3667 naturae
872 3608 980 3666 iudicia
1001 3608 1163 3667 confirmat.

107 3709 214 3783 Itaque
250 3717 280 3766 et
313 3707 344 3766 in
376 3717 476 3766 nostro
506 3707 617 3784 populo
649 3717 679 3762 et
710 3708 740 3783 iu
775 3707 878 3763 ceteris
912 3704 1035 3764 deorum
1069 3703 1164 3762 cultus
