2504 4170
56 244 98 307 32
382 245 429 294 DE
451 245 596 295 NATURA
620 244 778 295 DEORUM.

55 392 216 449 differences
229 413 331 468 among
344 396 390 450 the
408 397 490 467 gods,
504 395 539 450 he
558 404 632 449 must
651 395 720 449 have
740 394 880 448 conceded
901 394 979 449 these
998 393 1064 464 only
1075 410 1107 448 as

56 491 105 534 not
125 481 284 550 impossible
304 484 360 535 and
380 483 595 538 inconceivable.
616 483 665 536 but
685 482 815 552 certainly
829 482 863 535 he
883 482 931 534 did
952 489 1000 534 not
1019 490 1107 535 assert

55 567 130 620 them
144 577 173 622 to
186 568 220 622 bc
234 569 346 622 certain.
386 570 446 623 The
466 569 606 639 objection
618 569 706 622 which
726 570 809 622 Cotta
828 569 923 621 makes
943 578 972 621 to
986 568 1106 620 Velleius

57 655 204 724 (82-100),
218 655 278 709 that
300 656 354 708 this
370 674 401 709 or
414 657 474 709 that
492 657 566 726 deity
579 657 679 725 always
701 656 847 724 presented
869 654 982 707 himself
999 664 1028 707 to
1049 654 1105 706 him

54 741 142 794 under
152 758 170 794 a
182 741 293 795 definite
313 742 381 795 form
394 743 449 794 and
462 742 527 795 with
540 742 652 795 definite
671 741 824 803 attributes,
840 741 928 811 might
946 741 1015 794 have
1034 741 1107 794 been

54 828 139 898 easily
151 829 292 882 answered
304 828 342 899 by
353 829 451 899 saying
464 829 523 881 that
535 829 571 881 all
584 828 639 881 this
652 828 740 898 might
753 827 784 880 of
793 843 889 881 course
903 836 1014 895 present
1026 827 1103 880 itsell

54 923 84 968 to
97 915 140 969 his
158 915 252 982 mind;
271 915 322 969 but
340 915 361 969 it
374 933 429 968 was
449 916 514 985 only
528 915 574 968 the
594 915 679 968 result
698 913 730 967 oi
744 912 840 984 seeing
861 930 942 984 every
955 913 1008 983 day
1020 912 1106 967 about
1165 906 1166 913 ¹

54 1000 111 1054 him
133 1011 237 1056 statues
258 1002 314 1055 and
333 1003 453 1071 pictures
466 1001 555 1055 which
577 1001 677 1070 passed
697 1000 738 1053 ior
757 999 990 1068 representations
1011 999 1044 1053 os
1058 1000 1105 1053 the

52 1088 133 1157 gods,
148 1088 198 1142 but
209 1088 298 1142 which
317 1088 351 1142 he
371 1088 484 1142 himself
498 1106 553 1142 was
576 1087 616 1141 far
635 1087 704 1140 irom
725 1086 902 1157 considering
921 1103 952 1139 as
971 1085 1106 1158 anything

54 1191 129 1229 more
142 1175 209 1230 than
221 1175 341 1244 pictrues
353 1175 385 1228 of
392 1175 483 1246 lancy,
497 1175 587 1230 which
600 1173 655 1228 had
667 1191 704 1228 no
716 1172 797 1226 claim
810 1173 948 1227 whatever
959 1181 988 1226 to
1001 1173 1085 1227 truth.

470 1535 683 1578 —oossozoo—
729 1345 802 1559 A]

18 1870 34 1928 l
128 1877 195 1936 UM
219 1875 327 1933 multae
353 1892 399 1932 res
429 1875 458 1931 in
485 1872 671 1948 philosophia
695 1890 882 1947 nequaquam
912 1872 980 1931 satis
1004 1871 1104 1930 adhuc

158 1973 318 2048 explicatae
340 1972 405 2042 sint,
420 1980 482 2028 tum
503 1968 690 2045 perdifficilis
711 1971 808 2041 Brute,
830 1969 912 2045 quod
931 1980 962 2028 tu
982 1971 1103 2028 minime

52 2072 176 2147 ignoras,
202 2079 231 2127 et
253 2069 430 2144 perobscura
454 2076 556 2141 quaest
559 2067 586 2124 io
612 2076 656 2123 est
680 2066 718 2124 de
743 2076 846 2124 natura
870 2066 1003 2138 deorum,
1027 2085 1102 2141 quae

53 2168 145 2226 etad
172 2167 352 2243 agnitionem
372 2164 462 2222 animi
486 2164 681 2239 pulcherrima
705 2173 749 2221 est
773 2174 804 2221 et
828 2163 867 2222 ad
888 2163 1104 2222 moderandam

51 2265 222 2341 religionem
249 2262 421 2321 necessaria.
464 2263 511 2320 De
540 2280 599 2336 qua
619 2271 679 2318 tam
703 2261 798 2318 variae
827 2272 894 2319 sunt
918 2261 1102 2320 doctissimo·
1129 2279 1142 2319 s

52 2381 117 2421 rurn
134 2361 287 2420 hominum
307 2370 428 2434 tamque
443 2359 643 2434 discrepantes
664 2359 836 2429 sententiae,
852 2369 884 2417 ut
898 2376 1005 2434 magno
1020 2377 1103 2434 argu·

53 2469 154 2518 mento
178 2476 242 2517 esse
266 2457 374 2516 debeat
402 2476 521 2515 causam
549 2467 579 2514 et
606 2456 782 2531 principium
810 2455 1012 2531 philosophiae
1038 2474 1103 2514 esse

53 2557 244 2626 inscientiam,
258 2553 475 2630 prudenterque
496 2553 693 2612 Academicos
714 2573 732 2611 a
751 2553 838 2612 rebus
859 2554 975 2611 incertis
997 2552 1102 2611 adsen-

53 2649 165 2707 sionem
178 2646 352 2705 cohibuisse.
395 2644 476 2720 Quid
490 2656 535 2703 est
549 2647 627 2703 enim
642 2646 804 2704 temeritate
818 2646 950 2720 turpius?
970 2655 1020 2702 aut
1031 2645 1104 2720 quid

52 2755 112 2803 tam
127 2744 311 2804 temerarium
325 2753 444 2818 tamque
459 2742 612 2818 indignum
627 2743 765 2817 sapientis
779 2743 917 2819 gravitate
931 2752 1020 2818 atque
1032 2761 1103 2801 con·
1118 2765 1143 2793 ιο

53 2843 158 2901 stantia
176 2860 265 2917 quam
285 2850 335 2898 aut
355 2841 459 2898 falsum
479 2840 585 2898 sentire
607 2850 665 2911 aut,
681 2839 763 2915 quod
783 2858 845 2898 non
866 2841 933 2898 satis
955 2840 1103 2915 explorate

52 2950 225 3015 perceptum
246 2938 282 2996 sit
309 2947 339 2996 et
366 2938 527 3012 cognitum,
549 2938 612 2996 sine
639 2938 698 2995 ulla
718 2937 900 2996 dubitatione
922 2937 1105 2996 defendere?

20 3053 34 3094 a
52 3037 140 3095 Velut
154 3037 184 3094 in
205 3036 260 3093 hac
274 3035 445 3111 quaestione
466 3035 607 3110 plerique,
622 3034 704 3110 quod
727 3035 852 3092 maxime
867 3035 927 3092 veri
942 3034 1033 3093 simile
1049 3045 1102 3107 est,

53 3143 82 3191 et
96 3151 156 3208 quo
176 3150 279 3191 omnes
300 3132 377 3190 duce
399 3142 501 3189 natura
520 3120 663 3203 venimus,
679 3132 752 3190 deos
773 3150 838 3191 esse
851 3131 1002 3203 dixerunt,
1016 3131 1102 3190 dubi·

52 3239 113 3288 tare
140 3248 172 3289 se
200 3230 379 3305 Protagoras,
404 3228 498 3287 nullos
526 3247 590 3287 esse
618 3229 739 3287 omnino
769 3229 911 3303 Diagoras
939 3228 1102 3286 Melius'··et
1117 3253 1141 3290 ιε

52 3326 226 3386 Theodorus
247 3327 423 3402 Cyrenaicus
445 3337 640 3402 putaverunt..
670 3327 730 3401 Qui
751 3345 821 3384 vero
842 3325 915 3383 deos
937 3343 1000 3383 esse
1018 3324 1099 3382 dixe-

52 3434 127 3495 runt,
142 3434 222 3482 tanta
235 3433 302 3482 sunt
321 3424 350 3481 in
364 3424 501 3481 varietate
513 3433 543 3482 et
563 3423 755 3494 dissensione,
770 3435 803 3481 ut
823 3442 925 3481 eorum
947 3423 1102 3480 molestum
1146 3424 1149 3429 ’

52 3522 88 3579 sit
111 3520 294 3581 dinumerare
316 3521 484 3580 sententias.
527 3521 605 3579 Nam
631 3531 660 3578 et
684 3520 722 3578 de
744 3520 841 3596 figuris
863 3520 987 3579 deorum
1008 3530 1038 3577 et
1062 3518 1101 3577 de

51 3617 124 3678 locis
145 3629 232 3693 atque
254 3617 372 3677 sedibus
393 3626 423 3675 et
444 3618 560 3676 actione
576 3617 652 3675 vitae
674 3618 764 3675 multa
783 3617 929 3689 dicuntur,
944 3617 1042 3692 deque
1057 3617 1102 3674 his

52 3734 167 3776 summa
187 3715 429 3799 philosophorum
450 3713 798 3798 intertrimentum
820 3713 902 3814 quod
920 3732 989 3772 vero
1010 3712 1099 3772 man-
1114 3740 1142 3768 ὀ
