2504 4170
110 242 169 304 132
432 245 482 296 DE
502 246 648 298 NATURA
669 241 833 297 DEORUM.

106 399 194 469 Ulixi,
211 398 360 471 Diomedi,
376 401 600 476 Agamemnoni,
615 400 729 472 Achilli,
744 411 843 459 certos
867 399 945 460 deos
968 399 1151 458 discriminum

107 507 137 554 et
151 497 345 571 periculorum
361 499 484 555 comites
498 499 679 573 adiungeret.
722 499 878 555 Praeterea
897 499 1032 572 ipsorum
1047 496 1151 554 deorum

108 612 195 668 saepe
210 596 401 668 praesentiae,
416 595 517 668 quales
536 613 624 670 supra
645 594 886 665 commemoravi,
902 593 1058 651 declarant
1077 594 1110 652 ab
1127 593 1151 649 iis

108 701 137 748 et
152 692 314 748 civitatibus
330 703 358 748 et
373 692 491 766 singulis
506 691 673 750 hominibus
687 690 799 748 consuli
811 711 820 762 ;
843 689 928 764 quod
949 689 1073 765 quidem
1086 689 1151 748 intel·
1181 748 1185 755 ,

108 788 210 863 legitur
224 789 312 844 etiam
333 788 592 862 significationibus
613 806 709 845 rerum
731 787 901 857 suturarum,
917 805 997 862 quae
1019 797 1080 846 tum
1100 787 1172 845 dor-s

109 885 275 954 mientibus,
304 894 366 942 tum
394 885 576 959 vigilantibus
607 883 831 959 portenduntur.
890 885 990 942 Multa
1018 896 1153 961 praeterea

109 983 239 1051 ostentis,
265 982 354 1038 multa
378 983 451 1039 extis
476 981 670 1039 admonemur
695 981 850 1055 multisque
879 982 969 1040 rebus
999 983 1070 1053 aliis,
1094 999 1152 1056 quas

69 1087 102 1128 ¹⁸7
110 1078 262 1135 diuturnus
277 1097 345 1136 usus
360 1079 400 1135 ita
414 1080 533 1149 notavit,
546 1088 577 1136 ut
591 1089 683 1136 artem
694 1077 882 1136 divinationis
897 1078 1040 1137 efficeret.
1069 1080 1152 1136 Nemo

110 1175 195 1249 igitur
208 1175 250 1231 vir
265 1193 387 1249 magnus
401 1176 463 1244 sine
478 1175 576 1250 aliquo
591 1174 698 1232 adflatu
718 1174 817 1232 divino
834 1193 980 1250 umquam
996 1176 1059 1234 suit.
1099 1176 1152 1233 Nec

110 1290 179 1329 vero
193 1273 228 1329 id
239 1272 278 1329 itu
292 1271 482 1329 refellendum
497 1282 550 1343 est,
566 1281 606 1342 ut,
619 1272 643 1330 si
658 1271 804 1346 segetibus
819 1281 871 1329 aut
883 1273 991 1330 vinetis
1005 1273 1152 1348 cuiuspiam
1161 1292 1176 1319 ιο

111 1377 269 1442 tempestas
284 1369 424 1439 nocuerit,
440 1379 490 1426 aut
511 1368 621 1442 siquid
642 1386 659 1425 e
677 1369 752 1425 vitae
773 1368 942 1426 commodis
964 1388 1050 1428 casus
1070 1370 1152 1427 abstu-

111 1465 182 1535 lerit,
208 1484 285 1535 eum,
315 1465 362 1523 cui
390 1465 462 1539 quid
490 1466 595 1523 horum
623 1464 773 1535 acciderit,
798 1474 848 1522 aut
876 1466 1004 1525 invisum
1032 1466 1091 1525 deo
1113 1473 1152 1522 aut

111 1563 278 1637 neglectum
300 1581 318 1619 a
339 1561 398 1620 deo
419 1561 592 1620 iudicemus.
637 1565 749 1638 Magna
769 1561 800 1619 di
821 1573 935 1634 curant,
956 1581 1048 1639 parva
1069 1562 1151 1638 negle-

112 1670 192 1734 gunt.
236 1660 351 1734 Magnis
372 1669 470 1717 autem
485 1660 551 1717 viris
572 1677 729 1735 prosperae
751 1677 869 1733 semper
889 1677 996 1720 omnes
1009 1679 1065 1732 res,
1079 1659 1151 1734 siqui-
1240 1667 1245 1693 '-

113 1756 182 1814 dem
197 1757 264 1813 satis
282 1775 300 1813 a
319 1757 423 1814 nostris
445 1766 475 1814 et
496 1774 514 1813 a
533 1757 665 1832 principe
687 1755 891 1831 philosophiae
913 1757 1034 1816 Socrate
1056 1756 1151 1816 dicuin
1160 1776 1175 1814 u
1237 1752 1245 1804 ’-

113 1864 157 1911 est
171 1853 208 1910 de
224 1854 402 1911 ubertatibus
416 1854 527 1911 virtutis
541 1863 571 1911 et
586 1854 688 1927 copiis.
1242 1927 1245 1932 ι

69 1930 107 2037 {36}
157 1951 243 2007 Haec
258 1950 328 2006 mihi
343 1951 402 2008 sere
417 1951 446 2008 in
461 1961 591 2008 mentem
605 1950 770 2021 veniebant,
786 1967 861 2024 quae
884 1950 1016 2010 dicenda
1035 1961 1152 2028 putarem
1235 1940 1245 1974 ἶ

114 2046 152 2104 de
175 2057 276 2104 natura
299 2046 432 2105 deorum.
473 2049 520 2104 Tu
544 2057 653 2117 autem,
677 2048 773 2118 Cotta,
789 2047 812 2104 si
836 2065 885 2105 me
906 2048 1021 2122 audias,
1042 2047 1152 2108 eandem
1234 2113 1245 2122 ⁵

115 2162 232 2201 causam
244 2162 313 2218 agas
324 2154 411 2218 teque
426 2153 456 2201 et
469 2144 633 2219 principem
645 2144 739 2201 civem
755 2152 784 2201 et
797 2144 971 2218 pontificem
982 2164 1047 2205 esse
1058 2145 1152 2221 cogites
1234 2124 1245 2146 ⁶

115 2250 153 2311 et,
177 2241 316 2314 quoniam
339 2241 369 2297 in
391 2250 545 2315 utramque
570 2251 682 2315 partem
705 2241 787 2298 vobis
812 2240 880 2298 licet
908 2240 1069 2318 disputare,
1090 2242 1176 2300 hanc»
1240 2282 1245 2297 .

115 2337 211 2413 potius
233 2355 329 2394 sumas
351 2354 475 2411 eamque
498 2338 666 2394 facultatem
681 2336 852 2409 disserendi,
868 2355 959 2412 quam
972 2340 1026 2399 tibi
1040 2359 1059 2399 a
1071 2339 1152 2397 theto
1243 2372 1245 2377 ‹

115 2435 181 2491 ricis
206 2434 460 2492 exercitationibus
485 2442 639 2507 acceptam
663 2408 850 2507 amplificavil
874 2435 1047 2508 Academia,
1070 2434 1152 2512 potius

116 2530 174 2587 huc
189 2530 330 2587 conseras.
374 2531 454 2587 Mala
468 2530 547 2587 enim
561 2539 591 2586 et
605 2530 695 2604 impia
709 2529 895 2589 consuetudo
909 2541 955 2590 est
973 2543 1075 2592 contra
1092 2530 1151 2590 deos

116 2627 296 2703 disputandi,
311 2628 371 2687 sive
385 2628 535 2686 exanimo
549 2628 581 2686 id
594 2628 625 2685 fit
640 2628 699 2686 sive
714 2627 856 2685 simulate.
