2504 4170
162 266 204 327 88
490 279 538 328 oe
560 278 706 330 uarum
728 278 888 328 pronun.

161 433 303 508 biliorque
317 442 362 490 cst
373 434 464 491 multo
479 434 518 491 ob
533 450 640 507 easque
658 450 760 489 causas
781 432 876 506 aptior
896 429 935 489 ad
959 449 1066 491 sensus
1093 449 1204 490 commo
1228 465 1232 474 ·

160 531 273 588 vendos
288 549 376 605 quam
392 531 439 587 hic
454 542 552 587 noster
566 531 654 599 calor,
670 547 728 603 quo
744 529 828 595 haec,
844 547 920 602 quae
943 541 1017 587 nota
1040 531 1128 589 uobis
1147 540 1205 599 sunt,

122 638 145 678 ³1
161 629 321 685 retinentur
335 641 364 686 et
378 629 484 703 vigent.
526 627 693 685 Absurdum
711 626 795 700 igitur
810 636 854 683 est
868 626 979 697 dicere,
995 645 1068 684 cum
1092 628 1207 685 homines

160 725 330 801 bestiaeque
356 726 413 783 hoc
439 725 534 781 calore
562 733 716 780 teneantur
743 733 771 779 et
799 733 956 797 propterea
985 735 1162 782 moveantur
1183 741 1208 780 rc

161 825 295 894 sentiant,
311 823 455 880 mundum
470 841 533 879 csse
548 822 609 878 sine
625 839 722 890 sensu,
738 821 787 894 qui
809 821 922 894 integro
938 830 969 877 et
983 822 1080 879 libero
1101 832 1131 880 et
1150 838 1224 896 punt

160 920 327 994 eodemque
358 921 499 977 acerrimo
534 929 564 976 et
598 918 789 976 mobilissimo
824 917 926 974 ardore
963 928 1114 987 teneatur,
1142 935 1209 993 prae

159 1018 257 1074 sertim
273 1035 341 1074 cunr
357 1018 380 1074 is
395 1017 490 1088 ardor,
505 1018 555 1091 qui
570 1026 614 1074 est
629 1016 740 1085 mundi,
756 1034 816 1073 non
838 1015 961 1090 agitatus
983 1016 1023 1073 ab
1045 1016 1107 1074 alio
1127 1032 1211 1090 neque

160 1123 280 1171 externo
294 1115 388 1189 pulsu,
404 1113 457 1171 sed
472 1133 524 1188 per
546 1133 577 1171 se
599 1114 661 1188 ipse
683 1131 718 1170 ac
740 1131 792 1170 sua
813 1122 918 1187 sponte
934 1123 1102 1172 moveatur.
1146 1115 1211 1171 Nau

159 1210 230 1285 quid
252 1220 349 1285 potest
373 1229 437 1268 esse
462 1203 574 1268 niundo
595 1210 745 1281 valentius,
767 1208 848 1284 quod
872 1209 962 1282 pellat
988 1220 1080 1285 atque
1107 1221 1212 1269 moveat

115 1285 287 1391 {Jcalorem
316 1326 394 1378 eum,
417 1324 477 1381 quo
504 1307 551 1364 ille
575 1308 729 1365 teneatur?
770 1306 932 1364 Audiamus
957 1308 1040 1365 enim
1067 1309 1230 1368 Platonem·

157 1405 240 1478 quasi
268 1404 418 1479 quendam
446 1403 536 1462 deum
563 1405 804 1480 philosophorum
815 1424 824 1477 ;
859 1404 908 1461 cui
936 1403 998 1462 duo
1027 1406 1132 1481 placet
1158 1425 1210 1466 esse

157 1511 263 1573 motus,
291 1521 382 1560 unum
411 1521 505 1572 suum,
530 1501 652 1559 alterum
680 1512 841 1572 extemum,
864 1519 928 1559 esse
953 1512 1055 1560 autem
1086 1503 1209 1576 divinius,

157 1599 238 1673 quod
265 1599 361 1674 ipsum
389 1617 426 1657 ex
453 1618 485 1656 se
513 1618 565 1656 sua
592 1609 697 1674 sponte
722 1609 881 1669 moveatur,
904 1617 996 1673 quam
1022 1601 1110 1676 quod
1137 1604 1209 1679 pulsu
1241 1599 1243 1606 ¹

157 1696 280 1771 agitetur
293 1697 397 1755 alieno.
441 1697 533 1753 Hunc
548 1706 645 1755 autem
661 1707 774 1754 motum
795 1698 824 1753 in
839 1696 907 1753 solis
922 1697 1029 1755 animis
1044 1716 1114 1757 esse
1129 1701 1208 1775 ponit,

157 1793 194 1851 ab
209 1793 311 1867 hisque
333 1795 509 1869 principium
531 1804 627 1851 motus
650 1811 713 1851 esse
735 1793 857 1852 ductum
879 1803 971 1867 putat.
1016 1795 1227 1873 Quapropter‚u

156 1891 295 1963 quoniam
310 1910 347 1947 ex
362 1890 464 1947 mundi
485 1891 589 1947 ardore
611 1901 707 1948 motus
729 1892 824 1948 omnis
846 1891 945 1962 oritur,
960 1891 984 1949 is
1007 1904 1114 1952 autem
1136 1893 1208 1953 ardor

155 2005 216 2043 non
236 1987 332 2044 alieno
353 1988 477 2062 inpulsu,
493 1986 547 2044 sed
567 2006 621 2045 sua
634 1997 739 2062 sponte
754 1999 895 2058 movetur,
910 1989 1027 2048 animus
1042 1991 1081 2049 sit
1096 2006 1207 2050 necesse

155 2093 218 2155 est,
240 2101 277 2141 ex
291 2103 350 2158 quo
365 2084 488 2142 efficitur
508 2085 688 2142 animantem
709 2102 773 2142 esse
796 2084 949 2142 mundum.
992 2089 1095 2163 Atque
1110 2107 1148 2148 ex
1160 2089 1206 2148 hoc

155 2198 274 2255 quoque
289 2181 415 2256 intellegi
436 2182 543 2255 poterit
564 2181 594 2238 in
608 2201 645 2238 eo
661 2183 755 2239 inesse
777 2182 1015 2256 intellegentiam,
1031 2186 1118 2260 quod
1139 2196 1205 2245 certe

155 2288 198 2334 est
213 2278 339 2335 mundus
355 2279 456 2335 melior
470 2297 559 2352 quam
580 2279 637 2335 ulla
658 2289 769 2336 natura.
811 2281 853 2338 Ut
875 2279 955 2336 enim
978 2281 1060 2340 nulla
1083 2301 1151 2358 pars
1171 2291 1225 2341 est·

154 2374 284 2448 corporis
298 2376 397 2445 nostri,
413 2393 488 2449 quae
503 2393 565 2432 non
578 2376 697 2432 minoris
719 2376 763 2446 sit,
778 2394 867 2449 quam
888 2390 1006 2435 nosmet
1027 2379 1085 2454 ipsi
1107 2398 1204 2450 sumus,

154 2471 195 2527 sic
219 2470 362 2529 mundum
383 2473 548 2528 universum
571 2472 658 2546 pluris
684 2490 747 2530 esse
772 2491 893 2530 necesse
918 2483 963 2531 est
986 2493 1077 2549 quam
1103 2488 1205 2553 partem

154 2567 279 2642 aliquam
295 2569 429 2626 universi.
472 2568 563 2642 Quod
578 2569 602 2626 si
616 2569 656 2626 ita
672 2580 725 2639 est,
740 2570 856 2644 sapiens
877 2570 913 2627 sit
936 2571 1067 2630 mundus
1092 2590 1205 2632 necesse

153 2674 207 2720 est.
250 2665 328 2721 Nam
342 2665 373 2721 ni
387 2666 427 2721 ita
440 2675 525 2736 esset,
541 2665 701 2736 hominem,
717 2667 767 2741 qui
789 2677 832 2724 est
853 2665 956 2724 mundi
978 2687 1056 2743 pars,
1072 2672 1204 2745 quoniam

152 2761 271 2817 rationis
286 2770 328 2817 est
344 2762 499 2836 particeps,
515 2762 602 2836 pluris
624 2781 791 2837 essequam
813 2762 957 2821 mundum
978 2783 1104 2825 omnem
1127 2784 1227 2844 opor-t

114 2866 243 2916 atteret..
276 2859 373 2931 Atque
395 2859 491 2928 etiam,
507 2859 530 2916 si
545 2878 562 2914 a
575 2860 674 2933 primis
696 2859 897 2934 inchoatisque
917 2863 1027 2920 naturis
1044 2863 1084 2922 ad
1099 2865 1205 2923 ultimas

153 2955 355 3028 perfectasque
382 2956 516 3014 volumus
552 2956 723 3030 procedere,
751 2957 789 3015 ad
818 2957 941 3015 deorum
977 2969 1114 3019 naturam
1147 2979 1205 3038 per·

152 3052 302 3108 veniamus
317 3070 438 3109 necesse
454 3063 506 3110 est.
549 3055 677 3110 Primum
692 3055 770 3111 enim
791 3053 1050 3115 animadvertimus
1072 3076 1091 3116 a
1111 3069 1206 3118 natum

153 3149 285 3205 sustineri
307 3167 350 3218 ea,
366 3168 441 3224 quae
456 3151 611 3225 gignantur
631 3171 647 3208 e
669 3162 753 3223 terra,
769 3154 874 3226 quibus
895 3163 998 3211 natura
1019 3155 1094 3214 nihil
1114 3155 1207 3216 tribuit

114 3262 139 3301 si
153 3245 284 3318 amplius,
300 3264 388 3319 quam
409 3257 441 3304 ut
462 3264 498 3304 ea
521 3248 628 3306 alendo
653 3259 740 3324 atque
765 3250 902 3325 augendo
924 3260 1064 3311 tueretur.
1109 3253 1229 3313 Bestiisu

153 3351 250 3398 autem
265 3361 382 3400 sensum
397 3355 427 3400 et
442 3354 554 3401 motum
569 3345 652 3402 dedit
668 3356 698 3402 et
719 3365 786 3404 cum
801 3347 931 3421 quodam
952 3346 1091 3422 adpetitu
1112 3368 1205 3410 acces·

153 3456 217 3493 sum
238 3438 276 3496 ad
298 3459 344 3497 res
366 3441 512 3511 salutares,
533 3461 550 3497 a
571 3443 712 3516 pestiferis
736 3461 904 3516 recessum3
926 3443 984 3500 hoc
1010 3444 1128 3507 homini
1150 3466 1207 3507 aur·

153 3534 236 3608 plius,
252 3534 333 3609 quod
356 3536 469 3594 addidit
491 3539 642 3609 rationem,
665 3558 723 3613 qua
744 3552 912 3615 regerentur
935 3541 1027 3598 animi
1051 3544 1207 3622 adpetitio,

111 3643 147 3696 13
155 3631 204 3704 qui
232 3642 293 3688 tum
322 3633 540 3704 remitterentur,
569 3644 631 3691 tum
664 3637 890 3695 continerentur.
946 3635 1079 3710 Quartus
1114 3642 1209 3705 anteri

153 3725 259 3800 gradus
280 3739 324 3785 est
346 3739 375 3785 et
395 3730 548 3788 altissimus
572 3749 683 3804 eorum,
698 3733 749 3808 qui
772 3745 874 3793 natura
901 3733 972 3793 boni
1000 3738 1236 3821 sapientqd!
