2504 4170
307 297 375 350 nra.
390 298 440 350 ιιι.
472 298 737 350 cmxxiii-xxv.
769 299 799 364 ις
813 299 902 367 5as4.
1072 301 1128 369 ¹55

104 454 192 515 Num
207 471 318 513 censes
333 453 419 529 igitur
433 452 579 511 subtiliore
594 453 704 511 ratione
720 470 794 528 opus
808 471 872 512 esse
892 453 930 512 ad
953 455 1026 512 haec
1047 430 1175 540 refer-{f

64 551 180 611 lenda?
223 552 308 610 Nam
328 560 468 620 mentem,
489 549 588 620 fidem,
603 567 696 623 spem,
711 550 856 620 virtutem,
872 550 1024 622 honorem,
1039 554 1130 612 victo·

66 650 153 720 riam,
182 649 320 719 salutem,
349 645 538 704 concordiam
567 657 722 720 ceteraque
751 647 812 704 eius
841 646 922 704 modi
950 666 1047 706 rerum
1071 652 1131 709 vim

68 745 183 804 habere
204 743 351 814 videmus,
373 761 434 801 non
454 741 586 800 deorum.
628 745 686 800 Aut
709 743 788 799 enim
811 743 839 799 in
863 744 1009 801 nobismet
1034 747 1131 805 insunt

70 841 154 918 ipsis,
176 850 210 899 ut
233 856 328 911 mens,
350 848 382 896 ut
405 857 482 913 spes,
504 849 536 896 ut
557 838 640 908 fides,
663 848 695 895 ut
718 839 814 908 virtus,
838 849 868 896 ut
891 841 1059 913 concordia,
1082 853 1131 901 aut

71 938 226 1015 optandae
248 936 334 995 nobis
356 945 433 1007 sunt,
455 945 486 994 ut
507 934 610 1005 honos,
633 945 665 992 ut
686 935 770 1006 salus,
792 946 824 992 ut
844 937 983 1009 victoria,
1009 958 1132 1013 quarum

71 1054 175 1094 rerum
189 1035 342 1092 utilitatem
353 1031 450 1102 video,
461 1031 548 1090 video
562 1032 651 1089 etiam
666 1043 837 1090 consecrata
851 1034 1003 1091 simulacra
1015 1055 1023 1106 3
1042 1054 1131 1110 quare

73 1141 177 1190 autem
198 1131 228 1188 iu
249 1131 282 1188 iis
297 1131 340 1187 vis
361 1128 484 1187 deorum
505 1128 581 1198 insit,
596 1139 659 1185 tum
679 1128 854 1202 intellegam,
869 1149 938 1187 cum
953 1149 1129 1205 cognovero.

75 1229 149 1303 Quo
163 1228 192 1285 in
206 1244 315 1302 genere
329 1226 375 1284 vel
390 1226 514 1282 maxime
529 1234 573 1282 est
588 1225 717 1282 Fortuna
735 1225 923 1296 numeranda,
939 1245 1028 1301 quam
1042 1246 1131 1287 nemo

60 1326 115 1385 ·ab
138 1325 335 1383 inconstantia
357 1333 388 1380 et
409 1323 570 1380 temeritate
594 1322 736 1396 seiunget,
760 1341 835 1397 quae
858 1323 1049 1398 dignacerte
1072 1344 1132 1384 non

76 1432 145 1480 sunt
160 1421 227 1480 deo.
270 1421 336 1478 Iam
349 1437 419 1476 vero
433 1417 504 1493 quid
518 1437 569 1476 vos
585 1419 632 1475 illa
646 1417 773 1476 delectat
794 1421 949 1494 explicatio
971 1422 1131 1481 fabularum
1144 1442 1172 1485 aa

78 1528 108 1578 et
135 1518 275 1576 enodatio
303 1516 478 1573 nominum?
523 1516 682 1572 Exsectum
710 1534 728 1572 a
756 1516 815 1573 filio
844 1517 976 1587 Caelum,
1001 1519 1131 1577 vinctum

78 1615 182 1674 itidem
196 1633 214 1671 a
227 1614 287 1672 tilio
302 1614 466 1683 Saturnum,
482 1612 555 1669 haec
569 1622 598 1669 et
613 1612 668 1669 alia
686 1613 799 1687 generis
818 1613 951 1672 eiusdem
970 1615 1010 1672 ita
1031 1614 1131 1673 delen-

79 1711 156 1783 ditis,
171 1722 203 1770 ut
217 1711 245 1781 ii,
260 1709 311 1786 qui
332 1710 387 1767 ista
408 1709 560 1780 finxerunt,
576 1728 636 1767 non
658 1709 749 1767 modo
771 1729 830 1768 nou
853 1711 955 1782 insani,
970 1712 1024 1771 sed
1045 1713 1133 1771 etiam

59 1809 166 1872 aluisse
194 1809 342 1883 sapientes
369 1806 530 1864 videantur.
573 1808 610 1864 In
638 1806 802 1865 enodandis
830 1819 928 1865 autem
956 1810 1132 1880 nominibus,

79 1904 162 1982 quod
175 1903 375 1964 miserandum
389 1903 435 1973 sit,
449 1902 594 1961 laboratis.
629 1904 775 1973 Saturnus,
791 1906 858 1979 quia
873 1923 904 1962 se
919 1916 1025 1963 saturat
1039 1907 1132 1977 annis,

80 2003 208 2073 Mavors,
223 2001 293 2077 quia
307 2018 414 2074 magna
427 2001 520 2071 vertit,
537 2000 679 2070 Minerva,
695 2002 763 2074 quia
777 2002 880 2060 minuit
896 2013 945 2059 aut
959 2003 1026 2077 quia
1041 2004 1132 2061 mina·

79 2109 133 2171 tur,
158 2100 269 2170 Venus,
295 2097 364 2173 quia
387 2097 467 2154 veuit
491 2095 529 2154 ad
554 2098 662 2168 omnia,
688 2099 777 2157 Ceres
802 2117 821 2155 a
844 2098 985 2174 gerendo.
1035 2100 1133 2173 Quam

80 2196 244 2272 periculosa
265 2193 469 2252 consuetudol
513 2194 548 2250 In
568 2195 663 2251 multis
684 2195 762 2252 enim
782 2197 949 2254 nominibus
970 2196 1133 2255 haerebitis.

59 2291 161 2368 oQuid
179 2291 286 2349 Veiovi
306 2291 405 2361 facies,
421 2289 492 2364 quid
506 2291 661 2348 Volcano?
681 2308 868 2366 quamquam,
891 2294 1030 2367 quoniam
1053 2295 1133 2368 Nep·

81 2398 184 2449 lunum
198 2407 216 2446 a
230 2387 332 2446 nando
347 2387 524 2463 appellatum
540 2398 633 2462 putus,
649 2388 760 2444 nullum
775 2389 828 2445 erit
843 2408 960 2460 nomen,
976 2390 1057 2463 quod
1075 2409 1135 2447 non

82 2488 173 2563 possis
194 2504 255 2543 una
276 2484 371 2542 littera
392 2485 536 2559 explicare
559 2484 637 2541 unde
660 2483 781 2542 ductum
803 2487 857 2558 sit;
883 2487 912 2543 in
934 2505 993 2561 quo
1015 2486 1135 2561 quidem

82 2585 171 2660 magis
192 2593 225 2640 tu
247 2581 319 2640 mihi
340 2591 439 2638 natare
455 2581 531 2638 visus
553 2600 585 2638 es
604 2599 693 2655 quam
708 2581 769 2655 ipse
786 2582 951 2657 Neptunus.
995 2585 1134 2658 Magnam
1147 2598 1174 2640 os

82 2681 245 2738 molestiam
267 2679 397 2753 suscepit
419 2687 448 2735 et
470 2678 591 2735 minime
613 2678 806 2735 necessariam
831 2680 938 2753 primus
960 2681 1049 2751 Zeno,
1070 2691 1136 2754 post

58 2799 73 2838 u
84 2777 250 2847 Cleanthes,
267 2774 376 2834 deinde
393 2775 581 2849 Chrysippus,
597 2775 868 2832 commenticiarum
889 2776 1049 2833 fabularum
1069 2776 1134 2833 red-

84 2872 149 2932 dere
174 2874 330 2943 rationem,
353 2871 571 2941 vocabulorum,
595 2888 647 2926 cur
671 2869 801 2944 quidque
826 2872 866 2928 ita
891 2872 1067 2946 appellatum
1090 2874 1135 2943 sit,

84 2987 183 3030 causas
197 2968 354 3044 explicare.
397 2967 488 3041 Quod
504 2986 572 3025 cum
587 2967 689 3036 facitis,
707 2966 775 3024 illud
791 2968 924 3041 prolecto
945 2969 1134 3038 confitemini,

83 3065 167 3142 longe
193 3066 277 3124 aliter
301 3083 332 3122 se
357 3082 419 3122 rem
444 3063 561 3134 habere,
588 3074 674 3137 atque
700 3063 853 3121 homiuum
878 3065 979 3139 opinio
1004 3066 1056 3134 sit;
1085 3083 1136 3122 eos

85 3165 169 3236 enim,
185 3164 236 3238 qui
254 3162 285 3219 di
307 3161 497 3236 appellantur,
512 3179 609 3218 rerum
630 3171 745 3217 naturas
767 3178 840 3230 esse,
856 3179 916 3217 non
938 3160 1043 3235 figuras
1065 3159 1136 3218 deo·

57 3277 153 3319 nrum.
187 3259 248 3334 Qui
263 3269 359 3316 tantus
375 3275 453 3315 error
466 3257 527 3327 fuit,
543 3267 574 3314 ut
589 3256 759 3330 perniciosis
775 3258 862 3314 etiam
877 3258 962 3315 rebus
976 3275 1036 3314 non
1052 3259 1182 3319 modo25

85 3373 192 3415 nomen
217 3354 342 3414 deorum
367 3354 547 3423 tribueretur,
577 3352 630 3410 sed
659 3353 747 3409 etiam
775 3371 857 3410 sacra
885 3355 1136 3412 constituerentur.

87 3451 183 3512 Febris
205 3453 285 3510 enim
307 3451 406 3508 lanum
428 3451 457 3507 in
474 3449 583 3507 Palatio
606 3461 634 3505 et
655 3448 791 3506 Orbonae
805 3450 849 3506 ad
864 3449 969 3506 aedem
985 3450 1092 3506 Larum
1107 3461 1137 3507 et

86 3566 160 3607 aram
184 3549 283 3607 Malae
307 3547 452 3604 Fortunae
475 3546 609 3620 Esquiliis
630 3555 831 3602 consecratam
846 3545 989 3602 videmus.
1033 3547 1176 3605 Omnisot

86 3643 168 3720 igitur
181 3645 246 3704 talis
260 3663 278 3702 a
292 3642 478 3718 philosophia
493 3642 615 3717 pellatur
629 3659 716 3712 error,
729 3653 768 3711 ut,
785 3660 853 3699 cum
868 3642 906 3699 de
921 3641 966 3699 dis
981 3641 1137 3700 inmortali·

57 3738 139 3803 abus
160 3741 359 3820 disputemus,
380 3737 514 3798 dicamus
539 3737 659 3812 indigua
683 3738 716 3795 iis
727 3758 735 3811 ς
761 3737 799 3796 de
825 3739 929 3813 quibus
954 3737 1050 3796 habeo
1074 3739 1137 3815 ipse
