2504 4170
133 314 193 394 146
456 328 506 381 na
526 330 672 381 uarum
691 328 855 382 neonou.

128 492 343 555 convertuntur,
359 482 441 558 quod
454 484 496 554 tit,
511 502 580 542 cum
593 492 669 542 terra
683 483 713 541 in
727 501 836 559 aquam
855 501 891 544 se
906 486 1007 559 vertit,
1021 495 1053 546 et
1070 504 1132 545 cum
1145 502 1172 545 ex

128 597 204 654 aqua
224 581 313 638 oritur
333 580 391 652 aer,
407 599 444 638 ex
465 580 531 638 aere
553 581 661 652 aether,
680 599 808 656 cumque
831 582 943 641 eadem
965 585 1094 642 vicissim
1113 592 1170 641 retro

128 687 306 735 commeant.
349 676 465 751 Quodsi
483 695 519 735 ea
539 679 692 749 intereunt,
708 695 725 735 e
746 678 853 752 quibus
875 690 999 738 constat
1019 698 1107 739 omne
1125 680 1169 738 aui

129 775 195 845 mal,
210 775 321 832 nullum
343 783 387 832 est
407 775 515 832 animal
535 775 755 849 sempiternum.
799 776 838 833 Et
857 785 890 833 ut
912 776 992 835 haec
1011 778 1168 848 omittamus,

127 880 227 928 tamen
247 872 355 928 animal
377 871 487 928 nullum
509 872 630 928 inveniri
651 880 757 946 potest,
772 871 856 945 quod
877 891 980 948 neque
1002 884 1102 932 natum
1121 890 1186 931 utu-⁵

128 968 273 1040 quamsit
297 978 327 1025 et
347 985 464 1042 semper
484 968 519 1026 sit
540 969 675 1025 futurum.
718 967 817 1026 Omne
842 970 924 1026 enim
949 970 1062 1028 animal
1084 987 1167 1028 seusus

127 1062 234 1136 habet,
256 1065 344 1122 sentit
358 1065 443 1139 igitur
456 1074 486 1121 et
500 1063 595 1122 calida
613 1074 642 1122 et
661 1064 763 1139 frigida
784 1074 814 1122 et
835 1065 936 1123 dulcia
957 1076 989 1125 et
1010 1085 1108 1125 amara
1125 1083 1167 1124 nec

126 1170 224 1235 potest
244 1161 304 1218 ullo
325 1179 412 1218 sensu
432 1161 561 1220 iucunda
579 1162 724 1236 accipere,
739 1179 800 1219 non
820 1163 959 1238 accipere
975 1165 1133 1236 contraria,
1148 1162 1166 1220 si

127 1258 212 1332 igitur
225 1258 379 1332 voluptatis
397 1276 514 1315 sensum
534 1259 621 1333 capit,
637 1258 746 1316 doloris
760 1259 850 1316 etiam
864 1260 966 1335 capit3
989 1261 1072 1336 quod
1085 1270 1165 1319 autem

126 1351 259 1411 dolorem
279 1354 395 1429 accipit,
410 1354 441 1411 id
460 1355 585 1429 accipiat
601 1355 690 1412 etiam
704 1356 852 1414 interitum
866 1374 993 1416 necesse
1009 1368 1054 1417 est
1063 1379 1073 1431 ;
1093 1374 1189 1416 omnen

87 1462 113 1505 tt
126 1449 211 1525 igitur
231 1450 338 1508 animal
359 1451 561 1509 confitendum
576 1460 620 1509 est
637 1470 701 1510 esse
717 1452 849 1510 mortale.
893 1455 1059 1527 Praeterea,
1073 1451 1164 1530 siquid

126 1556 179 1618 est,
194 1546 277 1622 quod
297 1565 353 1604 nec
374 1549 554 1622 voluptatem
575 1549 681 1606 sentiat
701 1567 757 1606 nec
778 1548 923 1622 dolorem,
939 1551 971 1610 id
991 1553 1099 1611 animal
1114 1567 1164 1609 eme

124 1661 185 1702 non
199 1652 315 1719 potest3
337 1643 493 1702 sinautem
508 1644 700 1719 quidanimal
714 1656 767 1717 est,
782 1645 814 1704 id
834 1646 883 1704 illu
903 1665 1029 1707 neeesse
1050 1659 1095 1708 est
1112 1665 1163 1707 sen

124 1740 195 1813 tiat;
224 1749 262 1812 et,
284 1740 366 1814 quod
387 1758 423 1798 ea
442 1742 539 1812 sentit,
561 1760 621 1799 non
644 1752 741 1816 potest
764 1760 828 1800 esse
853 1754 1019 1818 aeternum,
1041 1755 1071 1805 et
1090 1761 1163 1804 omne

125 1837 232 1894 animal
252 1837 358 1909 sentit;
386 1837 498 1895 nullum
522 1838 607 1912 igitur
626 1839 734 1896 animal
754 1849 907 1897 aeternum
929 1851 984 1901 est.
1027 1845 1187 1903 praeterear

123 1934 235 1992 nullum
255 1944 352 2010 potest
373 1953 437 1993 esse
460 1936 574 2007 animal,
590 1937 620 1993 in
634 1955 694 2011 quo
713 1955 774 1995 non
790 1947 820 1994 et
834 1936 979 2014 adpetitio
994 1941 1031 1999 sit
1044 1951 1076 2000 et
1088 1940 1162 1999 deeli-

123 2032 204 2089 natio
226 2031 381 2104 naturalis3
410 2041 587 2107 appetuntur
610 2044 717 2104 autem,
746 2050 822 2109 quae
850 2036 1019 2095 secundum
1046 2047 1163 2097 naturam

124 2137 199 2199 sunt,
221 2126 404 2186 declinantur
424 2129 586 2202 contraria3
609 2139 639 2187 et
657 2148 745 2188 omne
767 2131 874 2188 animal
895 2132 1012 2209 adpetit
1031 2134 1163 2210 quaedam

123 2234 154 2282 et
173 2224 245 2300 sugit
263 2243 281 2281 a
299 2224 494 2299 quibusdam3
516 2225 599 2299 quod
613 2237 711 2285 autem
732 2227 845 2302 refugit,
866 2227 899 2286 id
920 2240 1026 2289 contra
1045 2240 1163 2290 naturam

123 2330 185 2390 est3
211 2329 249 2393 et,
271 2319 353 2396 quod
375 2331 418 2380 est
439 2331 541 2379 contra
560 2332 702 2395 naturam,
724 2323 755 2381 id
780 2324 867 2382 habet
888 2327 949 2383 vim
970 2326 1147 2386 interimendi
1154 2346 1189 2398 μυ

83 2434 110 2477 u
123 2435 211 2475 omne
227 2435 296 2492 ergo
310 2418 417 2475 animal
431 2418 554 2476 intereat
567 2437 689 2478 necesse
704 2429 756 2478 est.
801 2422 1031 2482 Innumerabilia
1048 2434 1122 2495 sunt,
1133 2440 1163 2480 ex

122 2514 227 2588 quibus
252 2512 328 2571 effici
353 2514 478 2590 cogique
503 2517 595 2590 possit
618 2516 690 2574 nihil
713 2535 785 2589 esse,
808 2517 890 2592 quod
914 2537 1036 2579 sensum
1060 2522 1161 2589 habeat,

121 2611 193 2684 quin
214 2610 245 2668 id
259 2610 382 2668 intereat
391 2631 400 2683 ;
423 2611 531 2669 etenim
547 2631 583 2670 ea
603 2613 674 2687 ipsa,
690 2632 765 2688 quae
786 2615 960 2688 sentiuntur,
976 2627 1009 2676 ut
1030 2619 1124 2694 frigus,
1138 2625 1163 2673 ut

121 2706 209 2778 calor,
230 2715 262 2764 ut
281 2707 425 2782 voluptas,
446 2717 478 2765 ut
502 2707 595 2781 dolor,
617 2719 648 2768 ut
673 2720 779 2780 cetera,
801 2730 870 2769 cum
895 2715 1075 2789 amplificata
1098 2721 1162 2783 sunt,

119 2803 289 2861 interimunt
300 2824 308 2874 ;
336 2820 393 2860 nee
417 2805 508 2862 ullum
533 2807 640 2864 animal
664 2817 707 2865 est
731 2808 793 2865 sine
818 2826 926 2882 sensu3
956 2812 1068 2870 nullum
1090 2813 1188 2887 igiturn

77 2900 227 2962 llanimal
241 2909 392 2957 aeternum
406 2911 458 2958 est.
502 2902 619 2960 Etenim
632 2913 681 2960 aut
695 2905 818 2979 simplex
832 2914 877 2963 est
890 2916 995 2965 natura
1010 2908 1162 2976 animantis,

118 3006 151 3054 ut
164 2997 211 3054 vel
224 3006 339 3054 terrena
357 2997 394 3054 sit
407 2998 453 3054 vel
474 2998 560 3072 ignea
574 3000 619 3056 vel
637 3001 768 3058 animalis
782 3002 829 3058 vel
848 3003 950 3060 umida
968 3004 1067 3080 (quod
1087 3003 1162 3080 quale

119 3093 163 3164 sit,
179 3110 216 3151 ne
231 3093 358 3167 intellegi
373 3092 494 3167 quidem
514 3095 639 3169 potest),
655 3106 705 3153 aut
724 3107 863 3155 concreta
881 3116 919 3155 ex
937 3100 1069 3174 pluribus
1089 3111 1162 3160 natu·

117 3190 165 3261 ris,
180 3207 302 3264 quarum
316 3208 402 3246 suum
417 3207 551 3264 quaeque
566 3191 664 3249 locum
679 3193 794 3265 habeat,
806 3212 866 3268 quo
880 3205 1001 3254 naturae
1015 3200 1044 3256 vi
1058 3200 1162 3267 seratur,

118 3286 174 3344 alia
187 3285 329 3356 infimum,
345 3286 400 3342 alia
419 3305 575 3355 summum,
591 3289 646 3345 alia
665 3289 805 3347 medium.
849 3292 936 3348 Haec
958 3293 997 3350 ad
1019 3294 1190 3369 quoddants⁰

118 3393 235 3457 tempus
249 3382 407 3440 cohaerere
422 3393 553 3456 possunt,
570 3402 686 3458 semper
701 3395 798 3442 autem
813 3387 893 3443 nullo
914 3388 1008 3447 modo
1029 3398 1163 3465 possunt;

117 3498 240 3538 necesse
255 3489 299 3537 est
313 3479 393 3537 enim
407 3478 438 3536 in
452 3497 536 3536 suum
551 3499 684 3554 quaeque
699 3481 797 3539 locum
811 3491 914 3540 natura
927 3485 1065 3559 rapiatur.
1098 3484 1162 3545 Nul-

117 3577 177 3635 lum
193 3577 278 3651 igitur
291 3576 398 3634 animal
413 3584 457 3632 est
471 3577 689 3650 sempitemum.

80 3694 106 3737 tt
159 3673 218 3732 Sed
238 3673 339 3731 omnia
351 3671 447 3742 vestri,
462 3671 561 3742 Balbe,
577 3673 670 3730 solent
691 3672 730 3731 ad
751 3674 865 3749 igneam
879 3676 939 3734 vim
952 3678 1060 3737 referre
1075 3680 1163 3737 Hem·

118 3771 227 3841 clitum,
242 3780 275 3829 ut
288 3767 403 3846 opinor,
416 3776 582 3844 sequentes,
596 3787 685 3844 quem
704 3769 801 3846 ipsum
820 3789 882 3830 non
902 3790 1009 3835 omnes
1027 3774 1193 3853 interpres

85 748 122 856 gl

1145 4102 1148 4109 -
1161 4044 1208 4123 'ul'
