<?xml version="1.0" encoding="UTF-8"?>
<!DOCTYPE html PUBLIC "-//W3C//DTD XHTML 1.0 Transitional//EN"
    "http://www.w3.org/TR/xhtml1/DTD/xhtml1-transitional.dtd">
<html xmlns="http://www.w3.org/1999/xhtml" xml:lang="en" lang="en">
 <head>
  <title>
</title>
<meta http-equiv="Content-Type" content="text/html;charset=utf-8" />
  <meta name='ocr-system' content='tesseract 3.04.00' />
  <meta name='ocr-capabilities' content='ocr_page ocr_carea ocr_par ocr_line ocrx_word'/>
</head>
<body>
  <div class='ocr_page' id='page_1' title='image "./mtulliiciceroni01schgoog_0065.png"; bbox 0 0 2504 4170; ppageno 0'>
   <div class='ocr_carea' id='block_1_1' title="bbox 114 217 838 296">
    <p class='ocr_par' dir='ltr' id='par_1_1' title="bbox 114 217 838 296">
     <span class='ocr_line' id='line_1_1' title="bbox 114 217 838 296; baseline 0 -17"><span class='ocrx_word' id='word_1_1' title='bbox 114 217 156 296; x_wconf 81' lang='lat'>56</span> <span class='ocrx_word' id='word_1_2' title='bbox 442 229 490 282; x_wconf 79' lang='lat' dir='ltr'>oa</span> <span class='ocrx_word' id='word_1_3' title='bbox 511 231 656 282; x_wconf 74' lang='lat' dir='ltr'>nurum</span> <span class='ocrx_word' id='word_1_4' title='bbox 679 229 838 282; x_wconf 77' lang='lat' dir='ltr'>osonum,</span> 
     </span>
    </p>
   </div>
   <div class='ocr_carea' id='block_1_2' title="bbox 69 383 1206 3777">
    <p class='ocr_par' dir='ltr' id='par_1_2' title="bbox 69 383 1206 3777">
     <span class='ocr_line' id='line_1_2' title="bbox 111 383 1164 461; baseline -0.001 -16"><span class='ocrx_word' id='word_1_5' title='bbox 111 383 144 445; x_wconf 92' lang='lat' dir='ltr'>id</span> <span class='ocrx_word' id='word_1_6' title='bbox 164 383 247 443; x_wconf 91' lang='lat' dir='ltr'>vobis</span> <span class='ocrx_word' id='word_1_7' title='bbox 258 404 266 457; x_wconf 93' lang='lat'>;</span> <span class='ocrx_word' id='word_1_8' title='bbox 288 402 360 444; x_wconf 90' lang='lat' dir='ltr'>num</span> <span class='ocrx_word' id='word_1_9' title='bbox 383 384 470 443; x_wconf 88' lang='lat' dir='ltr'>etiam</span> <span class='ocrx_word' id='word_1_10' title='bbox 492 403 550 442; x_wconf 87' lang='lat' dir='ltr'>una</span> <span class='ocrx_word' id='word_1_11' title='bbox 571 394 616 443; x_wconf 91' lang='lat' dir='ltr'>est</span> <span class='ocrx_word' id='word_1_12' title='bbox 639 386 771 443; x_wconf 92' lang='lat' dir='ltr'>omnium</span> <span class='ocrx_word' id='word_1_13' title='bbox 793 383 903 444; x_wconf 79' lang='lat' dir='ltr'>facies?</span> <span class='ocrx_word' id='word_1_14' title='bbox 922 402 992 444; x_wconf 88' lang='lat' dir='ltr'>narn</span> <span class='ocrx_word' id='word_1_15' title='bbox 1013 384 1038 443; x_wconf 92' lang='lat' dir='ltr'>si</span> <span class='ocrx_word' id='word_1_16' title='bbox 1059 385 1164 461; x_wconf 90' lang='lat' dir='ltr'>plures,</span> 
     </span>
     <span class='ocr_line' id='line_1_3' title="bbox 112 482 1163 558; baseline -0.001 -17"><span class='ocrx_word' id='word_1_17' title='bbox 112 484 198 543; x_wconf 89' lang='lat' dir='ltr'>aliam</span> <span class='ocrx_word' id='word_1_18' title='bbox 212 499 276 540; x_wconf 92' lang='lat' dir='ltr'>esse</span> <span class='ocrx_word' id='word_1_19' title='bbox 292 483 348 540; x_wconf 90' lang='lat' dir='ltr'>alia</span> <span class='ocrx_word' id='word_1_20' title='bbox 361 482 556 557; x_wconf 85' lang='lat' dir='ltr'>pulchriorem</span> <span class='ocrx_word' id='word_1_21' title='bbox 571 500 692 540; x_wconf 89' lang='lat' dir='ltr'>necesse</span> <span class='ocrx_word' id='word_1_22' title='bbox 707 492 759 540; x_wconf 90' lang='lat' dir='ltr'>est.</span> <span class='ocrx_word' id='word_1_23' title='bbox 803 483 894 556; x_wconf 83' lang='lat' dir='ltr'>Igitur</span> <span class='ocrx_word' id='word_1_24' title='bbox 907 482 1009 557; x_wconf 90' lang='lat' dir='ltr'>aliquis</span> <span class='ocrx_word' id='word_1_25' title='bbox 1023 500 1086 541; x_wconf 90' lang='lat' dir='ltr'>uon</span> <span class='ocrx_word' id='word_1_26' title='bbox 1103 484 1163 558; x_wconf 93' lang='lat' dir='ltr'>pul·</span> 
     </span>
     <span class='ocr_line' id='line_1_4' title="bbox 112 577 1164 649; baseline 0 -11"><span class='ocrx_word' id='word_1_27' title='bbox 112 581 272 639; x_wconf 84' lang='lat' dir='ltr'>cherrimus</span> <span class='ocrx_word' id='word_1_28' title='bbox 296 577 379 636; x_wconf 92' lang='lat' dir='ltr'>deus.</span> <span class='ocrx_word' id='word_1_29' title='bbox 422 579 451 637; x_wconf 91' lang='lat' dir='ltr'>Si</span> <span class='ocrx_word' id='word_1_30' title='bbox 476 597 534 636; x_wconf 91' lang='lat' dir='ltr'>una</span> <span class='ocrx_word' id='word_1_31' title='bbox 557 580 689 637; x_wconf 90' lang='lat' dir='ltr'>omnium</span> <span class='ocrx_word' id='word_1_32' title='bbox 714 579 802 636; x_wconf 91' lang='lat' dir='ltr'>sacies</span> <span class='ocrx_word' id='word_1_33' title='bbox 827 588 879 649; x_wconf 91' lang='lat' dir='ltr'>est,</span> <span class='ocrx_word' id='word_1_34' title='bbox 905 578 1007 637; x_wconf 90' lang='lat' dir='ltr'>florere</span> <span class='ocrx_word' id='word_1_35' title='bbox 1030 579 1061 636; x_wconf 93' lang='lat' dir='ltr'>in</span> <span class='ocrx_word' id='word_1_36' title='bbox 1084 580 1164 639; x_wconf 90' lang='lat' dir='ltr'>caelo</span> 
     </span>
     <span class='ocr_line' id='line_1_5' title="bbox 112 674 1165 746; baseline 0.002 -11"><span class='ocrx_word' id='word_1_37' title='bbox 112 677 303 736; x_wconf 87' lang='lat' dir='ltr'>Academiam</span> <span class='ocrx_word' id='word_1_38' title='bbox 327 693 448 733; x_wconf 88' lang='lat' dir='ltr'>necesse</span> <span class='ocrx_word' id='word_1_39' title='bbox 474 685 518 733; x_wconf 92' lang='lat' dir='ltr'>est</span> <span class='ocrx_word' id='word_1_40' title='bbox 529 696 538 746; x_wconf 93' lang='lat'>;</span> <span class='ocrx_word' id='word_1_41' title='bbox 562 677 585 733; x_wconf 90' lang='lat' dir='ltr'>si</span> <span class='ocrx_word' id='word_1_42' title='bbox 611 677 689 733; x_wconf 91' lang='lat' dir='ltr'>euim</span> <span class='ocrx_word' id='word_1_43' title='bbox 713 676 784 734; x_wconf 89' lang='lat' dir='ltr'>nihil</span> <span class='ocrx_word' id='word_1_44' title='bbox 809 676 883 733; x_wconf 90' lang='lat' dir='ltr'>inter</span> <span class='ocrx_word' id='word_1_45' title='bbox 906 674 995 733; x_wconf 92' lang='lat' dir='ltr'>deum</span> <span class='ocrx_word' id='word_1_46' title='bbox 1021 685 1051 734; x_wconf 91' lang='lat' dir='ltr'>et</span> <span class='ocrx_word' id='word_1_47' title='bbox 1076 676 1165 737; x_wconf 89' lang='lat' dir='ltr'>deum</span> 
     </span>
     <span class='ocr_line' id='line_1_6' title="bbox 74 771 1187 848; baseline 0 -16"><span class='ocrx_word' id='word_1_48' title='bbox 74 781 97 822; x_wconf 82' lang='lat'>⁸¹</span> <span class='ocrx_word' id='word_1_49' title='bbox 113 775 216 845; x_wconf 86' lang='lat' dir='ltr'>differt,</span> <span class='ocrx_word' id='word_1_50' title='bbox 231 773 310 831; x_wconf 91' lang='lat' dir='ltr'>nulla</span> <span class='ocrx_word' id='word_1_51' title='bbox 324 783 368 831; x_wconf 93' lang='lat' dir='ltr'>est</span> <span class='ocrx_word' id='word_1_52' title='bbox 385 771 463 847; x_wconf 90' lang='lat' dir='ltr'>apud</span> <span class='ocrx_word' id='word_1_53' title='bbox 486 771 559 830; x_wconf 90' lang='lat' dir='ltr'>deos</span> <span class='ocrx_word' id='word_1_54' title='bbox 580 773 719 848; x_wconf 88' lang='lat' dir='ltr'>coguiti0,</span> <span class='ocrx_word' id='word_1_55' title='bbox 734 773 812 831; x_wconf 88' lang='lat' dir='ltr'>nulla</span> <span class='ocrx_word' id='word_1_56' title='bbox 832 774 991 848; x_wconf 78' lang='lat' dir='ltr'>perceptio,</span> <span class='ocrx_word' id='word_1_57' title='bbox 1035 774 1127 848; x_wconf 85' lang='lat' dir='ltr'>Quid,</span> <span class='ocrx_word' id='word_1_58' title='bbox 1143 774 1165 832; x_wconf 91' lang='lat' dir='ltr'>si</span> <span class='ocrx_word' id='word_1_59' title='bbox 1179 784 1187 825; x_wconf 75' lang='lat'><em>⁵</em></span> 
     </span>
     <span class='ocr_line' id='line_1_7' title="bbox 69 868 1164 941; baseline 0 -12"><span class='ocrx_word' id='word_1_60' title='bbox 69 933 71 937; x_wconf 60' lang='grc'>,</span> <span class='ocrx_word' id='word_1_61' title='bbox 113 873 211 941; x_wconf 91' lang='lat' dir='ltr'>etiam,</span> <span class='ocrx_word' id='word_1_62' title='bbox 230 870 333 941; x_wconf 90' lang='lat' dir='ltr'>Vellei,</span> <span class='ocrx_word' id='word_1_63' title='bbox 353 870 456 928; x_wconf 86' lang='lat' dir='ltr'>falsum</span> <span class='ocrx_word' id='word_1_64' title='bbox 478 868 548 928; x_wconf 93' lang='lat' dir='ltr'>illud</span> <span class='ocrx_word' id='word_1_65' title='bbox 568 870 689 928; x_wconf 91' lang='lat' dir='ltr'>omuino</span> <span class='ocrx_word' id='word_1_66' title='bbox 711 880 763 940; x_wconf 92' lang='lat' dir='ltr'>est,</span> <span class='ocrx_word' id='word_1_67' title='bbox 784 869 893 927; x_wconf 88' lang='lat' dir='ltr'>nullam</span> <span class='ocrx_word' id='word_1_68' title='bbox 913 870 998 927; x_wconf 90' lang='lat' dir='ltr'>aliam</span> <span class='ocrx_word' id='word_1_69' title='bbox 1019 871 1106 928; x_wconf 91' lang='lat' dir='ltr'>nobis</span> <span class='ocrx_word' id='word_1_70' title='bbox 1128 870 1164 929; x_wconf 90' lang='lat' dir='ltr'>de</span> 
     </span>
     <span class='ocr_line' id='line_1_8' title="bbox 113 966 1165 1042; baseline -0.001 -15"><span class='ocrx_word' id='word_1_71' title='bbox 113 969 172 1027; x_wconf 92' lang='lat' dir='ltr'>deo</span> <span class='ocrx_word' id='word_1_72' title='bbox 186 967 381 1042; x_wconf 83' lang='lat' dir='ltr'>cogitantibus</span> <span class='ocrx_word' id='word_1_73' title='bbox 395 967 525 1042; x_wconf 92' lang='lat' dir='ltr'>speciem</span> <span class='ocrx_word' id='word_1_74' title='bbox 541 966 595 1024; x_wconf 94' lang='lat' dir='ltr'>nisi</span> <span class='ocrx_word' id='word_1_75' title='bbox 610 967 736 1024; x_wconf 90' lang='lat' dir='ltr'>hominis</span> <span class='ocrx_word' id='word_1_76' title='bbox 757 968 931 1026; x_wconf 84' lang='lat' dir='ltr'>occurrere?</span> <span class='ocrx_word' id='word_1_77' title='bbox 951 976 1092 1026; x_wconf 85' lang='lat' dir='ltr'>tamenne</span> <span class='ocrx_word' id='word_1_78' title='bbox 1113 968 1165 1026; x_wconf 92' lang='lat' dir='ltr'>ista</span> 
     </span>
     <span class='ocr_line' id='line_1_9' title="bbox 111 1063 1166 1137; baseline 0 -13"><span class='ocrx_word' id='word_1_79' title='bbox 111 1077 174 1124; x_wconf 87' lang='lat' dir='ltr'>tam</span> <span class='ocrx_word' id='word_1_80' title='bbox 187 1063 313 1124; x_wconf 91' lang='lat' dir='ltr'>absurda</span> <span class='ocrx_word' id='word_1_81' title='bbox 328 1063 491 1123; x_wconf 84' lang='lat' dir='ltr'><strong>defendes?</strong></span> <span class='ocrx_word' id='word_1_82' title='bbox 533 1064 628 1122; x_wconf 91' lang='lat' dir='ltr'>Nobis</span> <span class='ocrx_word' id='word_1_83' title='bbox 643 1065 763 1122; x_wconf 81' lang='lat' dir='ltr'>fortasse</span> <span class='ocrx_word' id='word_1_84' title='bbox 777 1064 820 1122; x_wconf 93' lang='lat' dir='ltr'>sic</span> <span class='ocrx_word' id='word_1_85' title='bbox 834 1065 969 1136; x_wconf 91' lang='lat' dir='ltr'>occurrit,</span> <span class='ocrx_word' id='word_1_86' title='bbox 984 1074 1015 1122; x_wconf 92' lang='lat' dir='ltr'>ut</span> <span class='ocrx_word' id='word_1_87' title='bbox 1032 1064 1128 1137; x_wconf 82' lang='lat' dir='ltr'>dicis3</span> <span class='ocrx_word' id='word_1_88' title='bbox 1149 1082 1166 1124; x_wconf 86' lang='lat' dir='ltr'>a</span> 
     </span>
     <span class='ocr_line' id='line_1_10' title="bbox 112 1162 1163 1238; baseline 0 -18"><span class='ocrx_word' id='word_1_89' title='bbox 112 1163 207 1238; x_wconf 88' lang='lat' dir='ltr'>parvis</span> <span class='ocrx_word' id='word_1_90' title='bbox 231 1162 310 1219; x_wconf 91' lang='lat' dir='ltr'>enim</span> <span class='ocrx_word' id='word_1_91' title='bbox 335 1163 447 1232; x_wconf 90' lang='lat' dir='ltr'>Iovem,</span> <span class='ocrx_word' id='word_1_92' title='bbox 476 1163 632 1232; x_wconf 90' lang='lat' dir='ltr'>lunonem,</span> <span class='ocrx_word' id='word_1_93' title='bbox 658 1162 831 1232; x_wconf 89' lang='lat' dir='ltr'>Minervam,</span> <span class='ocrx_word' id='word_1_94' title='bbox 855 1162 1037 1236; x_wconf 87' lang='lat' dir='ltr'>Neptunum,</span> <span class='ocrx_word' id='word_1_95' title='bbox 1058 1162 1163 1221; x_wconf 86' lang='lat' dir='ltr'>Vulca·</span> 
     </span>
     <span class='ocr_line' id='line_1_11' title="bbox 113 1258 1193 1335; baseline -0.001 -17"><span class='ocrx_word' id='word_1_96' title='bbox 113 1279 194 1330; x_wconf 91' lang='lat' dir='ltr'>num,</span> <span class='ocrx_word' id='word_1_97' title='bbox 216 1258 381 1334; x_wconf 90' lang='lat' dir='ltr'>Apollinem</span> <span class='ocrx_word' id='word_1_98' title='bbox 402 1259 588 1334; x_wconf 87' lang='lat' dir='ltr'>reliquosque</span> <span class='ocrx_word' id='word_1_99' title='bbox 611 1259 684 1318; x_wconf 91' lang='lat' dir='ltr'>deos</span> <span class='ocrx_word' id='word_1_100' title='bbox 706 1277 743 1316; x_wconf 92' lang='lat' dir='ltr'>ea</span> <span class='ocrx_word' id='word_1_101' title='bbox 762 1259 836 1317; x_wconf 85' lang='lat' dir='ltr'>facie</span> <span class='ocrx_word' id='word_1_102' title='bbox 857 1259 1000 1330; x_wconf 91' lang='lat' dir='ltr'>novimus,</span> <span class='ocrx_word' id='word_1_103' title='bbox 1024 1277 1085 1333; x_wconf 89' lang='lat' dir='ltr'>qua</span> <span class='ocrx_word' id='word_1_104' title='bbox 1104 1259 1164 1335; x_wconf 90' lang='lat' dir='ltr'>pic·</span> <span class='ocrx_word' id='word_1_105' title='bbox 1176 1275 1193 1304; x_wconf 79' lang='lat'>¹0</span> 
     </span>
     <span class='ocr_line' id='line_1_12' title="bbox 113 1354 1165 1431; baseline 0 -16"><span class='ocrx_word' id='word_1_106' title='bbox 113 1368 191 1416; x_wconf 91' lang='lat' dir='ltr'>tores</span> <span class='ocrx_word' id='word_1_107' title='bbox 205 1358 378 1430; x_wconf 89' lang='lat' dir='ltr'>lictoresque</span> <span class='ocrx_word' id='word_1_108' title='bbox 394 1357 554 1427; x_wconf 90' lang='lat' dir='ltr'>voluerunt,</span> <span class='ocrx_word' id='word_1_109' title='bbox 566 1375 662 1431; x_wconf 90' lang='lat' dir='ltr'>neque</span> <span class='ocrx_word' id='word_1_110' title='bbox 677 1357 771 1415; x_wconf 90' lang='lat' dir='ltr'>solum</span> <span class='ocrx_word' id='word_1_111' title='bbox 786 1356 869 1425; x_wconf 91' lang='lat' dir='ltr'>sacie,</span> <span class='ocrx_word' id='word_1_112' title='bbox 881 1354 934 1413; x_wconf 93' lang='lat' dir='ltr'>sed</span> <span class='ocrx_word' id='word_1_113' title='bbox 948 1356 1037 1413; x_wconf 89' lang='lat' dir='ltr'>etiam</span> <span class='ocrx_word' id='word_1_114' title='bbox 1051 1367 1165 1428; x_wconf 87' lang='lat' dir='ltr'>ornatu,</span> 
     </span>
     <span class='ocr_line' id='line_1_13' title="bbox 113 1451 1165 1528; baseline 0 -16"><span class='ocrx_word' id='word_1_115' title='bbox 113 1462 218 1524; x_wconf 90' lang='lat' dir='ltr'>aetate,</span> <span class='ocrx_word' id='word_1_116' title='bbox 232 1453 357 1524; x_wconf 80' lang='lat' dir='ltr'>vestitu3</span> <span class='ocrx_word' id='word_1_117' title='bbox 378 1462 408 1510; x_wconf 91' lang='lat' dir='ltr'>at</span> <span class='ocrx_word' id='word_1_118' title='bbox 422 1471 482 1510; x_wconf 90' lang='lat' dir='ltr'>uon</span> <span class='ocrx_word' id='word_1_119' title='bbox 502 1454 637 1528; x_wconf 87' lang='lat' dir='ltr'>Aegyptii</span> <span class='ocrx_word' id='word_1_120' title='bbox 658 1471 713 1510; x_wconf 92' lang='lat' dir='ltr'>nec</span> <span class='ocrx_word' id='word_1_121' title='bbox 734 1453 795 1528; x_wconf 85' lang='lat' dir='ltr'>Syri</span> <span class='ocrx_word' id='word_1_122' title='bbox 815 1470 872 1510; x_wconf 92' lang='lat' dir='ltr'>nec</span> <span class='ocrx_word' id='word_1_123' title='bbox 892 1451 951 1510; x_wconf 85' lang='lat' dir='ltr'>fere</span> <span class='ocrx_word' id='word_1_124' title='bbox 972 1463 1082 1510; x_wconf 91' lang='lat' dir='ltr'>cuncta</span> <span class='ocrx_word' id='word_1_125' title='bbox 1103 1454 1165 1513; x_wconf 65' lang='lat' dir='ltr'>bar·,</span> 
     </span>
     <span class='ocr_line' id='line_1_14' title="bbox 113 1548 1166 1625; baseline -0.004 -13"><span class='ocrx_word' id='word_1_126' title='bbox 113 1552 211 1623; x_wconf 81' lang='lat' dir='ltr'>baria3</span> <span class='ocrx_word' id='word_1_127' title='bbox 232 1550 373 1608; x_wconf 87' lang='lat' dir='ltr'>firmiores</span> <span class='ocrx_word' id='word_1_128' title='bbox 388 1551 467 1607; x_wconf 92' lang='lat' dir='ltr'>euim</span> <span class='ocrx_word' id='word_1_129' title='bbox 479 1550 580 1607; x_wconf 91' lang='lat' dir='ltr'>videas</span> <span class='ocrx_word' id='word_1_130' title='bbox 595 1549 675 1625; x_wconf 92' lang='lat' dir='ltr'>apud</span> <span class='ocrx_word' id='word_1_131' title='bbox 690 1569 741 1609; x_wconf 92' lang='lat' dir='ltr'>eos</span> <span class='ocrx_word' id='word_1_132' title='bbox 756 1550 910 1624; x_wconf 90' lang='lat' dir='ltr'>opiniones</span> <span class='ocrx_word' id='word_1_133' title='bbox 925 1567 988 1606; x_wconf 92' lang='lat' dir='ltr'>esse</span> <span class='ocrx_word' id='word_1_134' title='bbox 1007 1548 1046 1607; x_wconf 88' lang='lat' dir='ltr'>de</span> <span class='ocrx_word' id='word_1_135' title='bbox 1065 1551 1166 1608; x_wconf 89' lang='lat' dir='ltr'>bestiis</span> 
     </span>
     <span class='ocr_line' id='line_1_15' title="bbox 114 1646 1166 1725; baseline -0.001 -18"><span class='ocrx_word' id='word_1_136' title='bbox 114 1647 290 1725; x_wconf 89' lang='lat' dir='ltr'>quibusdam</span> <span class='ocrx_word' id='word_1_137' title='bbox 304 1666 392 1722; x_wconf 92' lang='lat' dir='ltr'>quam</span> <span class='ocrx_word' id='word_1_138' title='bbox 407 1646 487 1721; x_wconf 90' lang='lat' dir='ltr'>apud</span> <span class='ocrx_word' id='word_1_139' title='bbox 504 1665 557 1705; x_wconf 91' lang='lat' dir='ltr'>nos</span> <span class='ocrx_word' id='word_1_140' title='bbox 573 1647 610 1705; x_wconf 92' lang='lat' dir='ltr'>de</span> <span class='ocrx_word' id='word_1_141' title='bbox 625 1647 812 1704; x_wconf 85' lang='lat' dir='ltr'>sanctissimis</span> <span class='ocrx_word' id='word_1_142' title='bbox 833 1646 948 1720; x_wconf 89' lang='lat' dir='ltr'>templis</span> <span class='ocrx_word' id='word_1_143' title='bbox 962 1655 992 1703; x_wconf 90' lang='lat' dir='ltr'>et</span> <span class='ocrx_word' id='word_1_144' title='bbox 1006 1647 1166 1706; x_wconf 82' lang='lat' dir='ltr'>simulacris</span> 
     </span>
     <span class='ocr_line' id='line_1_16' title="bbox 114 1741 1196 1819; baseline -0.004 -13.136"><span class='ocrx_word' id='word_1_145' title='bbox 114 1747 247 1807; x_wconf 89' lang='lat' dir='ltr'>deorum.</span> <span class='ocrx_word' id='word_1_146' title='bbox 290 1745 408 1802; x_wconf 90' lang='lat' dir='ltr'>Etenim</span> <span class='ocrx_word' id='word_1_147' title='bbox 422 1744 489 1802; x_wconf 86' lang='lat' dir='ltr'>fana</span> <span class='ocrx_word' id='word_1_148' title='bbox 504 1745 594 1803; x_wconf 90' lang='lat' dir='ltr'>multa</span> <span class='ocrx_word' id='word_1_149' title='bbox 614 1745 737 1819; x_wconf 90' lang='lat' dir='ltr'>spoliata</span> <span class='ocrx_word' id='word_1_150' title='bbox 758 1754 787 1801; x_wconf 91' lang='lat' dir='ltr'>et</span> <span class='ocrx_word' id='word_1_151' title='bbox 807 1743 960 1801; x_wconf 91' lang='lat' dir='ltr'>simulacra</span> <span class='ocrx_word' id='word_1_152' title='bbox 980 1741 1107 1801; x_wconf 91' lang='lat' dir='ltr'>deorum</span> <span class='ocrx_word' id='word_1_153' title='bbox 1128 1743 1166 1802; x_wconf 88' lang='lat' dir='ltr'>de</span> <span class='ocrx_word' id='word_1_154' title='bbox 1178 1761 1196 1802; x_wconf 73' lang='grc' dir='ltr'>τε</span> 
     </span>
     <span class='ocr_line' id='line_1_17' title="bbox 113 1840 1167 1911; baseline -0.003 -10"><span class='ocrx_word' id='word_1_155' title='bbox 113 1844 185 1902; x_wconf 90' lang='lat' dir='ltr'>locis</span> <span class='ocrx_word' id='word_1_156' title='bbox 210 1842 397 1901; x_wconf 90' lang='lat' dir='ltr'>sanctissimis</span> <span class='ocrx_word' id='word_1_157' title='bbox 420 1841 515 1899; x_wconf 89' lang='lat' dir='ltr'>ablata</span> <span class='ocrx_word' id='word_1_158' title='bbox 534 1840 666 1899; x_wconf 92' lang='lat' dir='ltr'>videmus</span> <span class='ocrx_word' id='word_1_159' title='bbox 686 1859 705 1898; x_wconf 88' lang='lat' dir='ltr'>a</span> <span class='ocrx_word' id='word_1_160' title='bbox 724 1841 827 1898; x_wconf 88' lang='lat' dir='ltr'>nostris</span> <span class='ocrx_word' id='word_1_161' title='bbox 838 1861 846 1911; x_wconf 82' lang='lat'>3</span> <span class='ocrx_word' id='word_1_162' title='bbox 879 1850 908 1897; x_wconf 95' lang='lat' dir='ltr'>at</span> <span class='ocrx_word' id='word_1_163' title='bbox 927 1857 997 1897; x_wconf 87' lang='lat' dir='ltr'>vero</span> <span class='ocrx_word' id='word_1_164' title='bbox 1016 1857 1055 1898; x_wconf 92' lang='lat' dir='ltr'>ne</span> <span class='ocrx_word' id='word_1_165' title='bbox 1076 1840 1167 1898; x_wconf 83' lang='lat' dir='ltr'>fando</span> 
     </span>
     <span class='ocr_line' id='line_1_18' title="bbox 114 1936 1167 2016; baseline -0.003 -18"><span class='ocrx_word' id='word_1_166' title='bbox 114 1939 235 2016; x_wconf 90' lang='lat' dir='ltr'>quidem</span> <span class='ocrx_word' id='word_1_167' title='bbox 256 1939 389 1997; x_wconf 90' lang='lat' dir='ltr'>auditum</span> <span class='ocrx_word' id='word_1_168' title='bbox 412 1948 456 1997; x_wconf 91' lang='lat' dir='ltr'>est</span> <span class='ocrx_word' id='word_1_169' title='bbox 481 1938 663 1996; x_wconf 91' lang='lat' dir='ltr'>crocodilum</span> <span class='ocrx_word' id='word_1_170' title='bbox 682 1947 733 1995; x_wconf 91' lang='lat' dir='ltr'>aut</span> <span class='ocrx_word' id='word_1_171' title='bbox 753 1938 812 1995; x_wconf 92' lang='lat' dir='ltr'>ibin</span> <span class='ocrx_word' id='word_1_172' title='bbox 833 1946 883 1994; x_wconf 91' lang='lat' dir='ltr'>aut</span> <span class='ocrx_word' id='word_1_173' title='bbox 902 1936 1007 1994; x_wconf 87' lang='lat' dir='ltr'>faelem</span> <span class='ocrx_word' id='word_1_174' title='bbox 1027 1937 1167 1996; x_wconf 88' lang='lat' dir='ltr'>violatum</span> 
     </span>
     <span class='ocr_line' id='line_1_19' title="bbox 114 2035 1167 2111; baseline -0.005 -14"><span class='ocrx_word' id='word_1_175' title='bbox 114 2039 151 2097; x_wconf 92' lang='lat' dir='ltr'>ab</span> <span class='ocrx_word' id='word_1_176' title='bbox 163 2038 316 2111; x_wconf 86' lang='lat' dir='ltr'>Aegyptio.</span> <span class='ocrx_word' id='word_1_177' title='bbox 353 2035 433 2110; x_wconf 90' lang='lat' dir='ltr'>Quid</span> <span class='ocrx_word' id='word_1_178' title='bbox 445 2036 528 2110; x_wconf 89' lang='lat' dir='ltr'>igitur</span> <span class='ocrx_word' id='word_1_179' title='bbox 542 2036 666 2093; x_wconf 87' lang='lat' dir='ltr'>censes?</span> <span class='ocrx_word' id='word_1_180' title='bbox 706 2035 793 2109; x_wconf 90' lang='lat' dir='ltr'>Apim</span> <span class='ocrx_word' id='word_1_181' title='bbox 808 2035 897 2105; x_wconf 92' lang='lat' dir='ltr'>illum,</span> <span class='ocrx_word' id='word_1_182' title='bbox 908 2044 1042 2091; x_wconf 91' lang='lat' dir='ltr'>sanctum</span> <span class='ocrx_word' id='word_1_183' title='bbox 1051 2035 1167 2111; x_wconf 90' lang='lat' dir='ltr'>Aegyp-</span> 
     </span>
     <span class='ocr_line' id='line_1_20' title="bbox 114 2131 1168 2207; baseline -0.003 -14"><span class='ocrx_word' id='word_1_184' title='bbox 114 2136 221 2193; x_wconf 92' lang='lat' dir='ltr'>tiorum</span> <span class='ocrx_word' id='word_1_185' title='bbox 248 2134 365 2204; x_wconf 92' lang='lat' dir='ltr'>bovem,</span> <span class='ocrx_word' id='word_1_186' title='bbox 393 2150 492 2190; x_wconf 92' lang='lat' dir='ltr'>nonne</span> <span class='ocrx_word' id='word_1_187' title='bbox 521 2132 611 2191; x_wconf 90' lang='lat' dir='ltr'>deum</span> <span class='ocrx_word' id='word_1_188' title='bbox 637 2132 728 2189; x_wconf 91' lang='lat' dir='ltr'>videri</span> <span class='ocrx_word' id='word_1_189' title='bbox 756 2131 927 2207; x_wconf 85' lang='lat' dir='ltr'>Aegyptiis?</span> <span class='ocrx_word' id='word_1_190' title='bbox 966 2131 1041 2188; x_wconf 87' lang='lat' dir='ltr'>Tam</span> <span class='ocrx_word' id='word_1_191' title='bbox 1070 2131 1168 2190; x_wconf 88' lang='lat' dir='ltr'>hercle</span> 
     </span>
     <span class='ocr_line' id='line_1_21' title="bbox 114 2234 1200 2311; baseline -0.003 -17"><span class='ocrx_word' id='word_1_192' title='bbox 114 2255 203 2311; x_wconf 92' lang='lat' dir='ltr'>quam</span> <span class='ocrx_word' id='word_1_193' title='bbox 227 2234 280 2293; x_wconf 94' lang='lat' dir='ltr'>tibi</span> <span class='ocrx_word' id='word_1_194' title='bbox 304 2235 382 2292; x_wconf 91' lang='lat' dir='ltr'>illam</span> <span class='ocrx_word' id='word_1_195' title='bbox 406 2245 531 2290; x_wconf 90' lang='lat' dir='ltr'>vestram</span> <span class='ocrx_word' id='word_1_196' title='bbox 556 2235 711 2308; x_wconf 88' lang='lat' dir='ltr'>Sospitam,</span> <span class='ocrx_word' id='word_1_197' title='bbox 732 2251 822 2306; x_wconf 92' lang='lat' dir='ltr'>quam</span> <span class='ocrx_word' id='word_1_198' title='bbox 847 2243 878 2291; x_wconf 91' lang='lat' dir='ltr'>tu</span> <span class='ocrx_word' id='word_1_199' title='bbox 899 2251 1059 2306; x_wconf 87' lang='lat' dir='ltr'>numquam</span> <span class='ocrx_word' id='word_1_200' title='bbox 1079 2252 1119 2292; x_wconf 92' lang='lat' dir='ltr'>ne</span> <span class='ocrx_word' id='word_1_201' title='bbox 1139 2234 1200 2291; x_wconf 69' lang='lat' dir='ltr'>inno</span> 
     </span>
     <span class='ocr_line' id='line_1_22' title="bbox 114 2330 1169 2408; baseline -0.002 -16"><span class='ocrx_word' id='word_1_202' title='bbox 114 2335 224 2392; x_wconf 90' lang='lat' dir='ltr'>somnis</span> <span class='ocrx_word' id='word_1_203' title='bbox 243 2332 365 2408; x_wconf 91' lang='lat' dir='ltr'>quidem</span> <span class='ocrx_word' id='word_1_204' title='bbox 384 2331 466 2389; x_wconf 92' lang='lat' dir='ltr'>vides</span> <span class='ocrx_word' id='word_1_205' title='bbox 490 2331 544 2388; x_wconf 89' lang='lat' dir='ltr'>nisi</span> <span class='ocrx_word' id='word_1_206' title='bbox 567 2351 634 2388; x_wconf 91' lang='lat' dir='ltr'>cum</span> <span class='ocrx_word' id='word_1_207' title='bbox 659 2331 734 2406; x_wconf 93' lang='lat' dir='ltr'>pelle</span> <span class='ocrx_word' id='word_1_208' title='bbox 755 2331 882 2405; x_wconf 89' lang='lat' dir='ltr'>caprina,</span> <span class='ocrx_word' id='word_1_209' title='bbox 903 2350 971 2388; x_wconf 92' lang='lat' dir='ltr'>cum</span> <span class='ocrx_word' id='word_1_210' title='bbox 992 2330 1084 2402; x_wconf 91' lang='lat' dir='ltr'>hasta,</span> <span class='ocrx_word' id='word_1_211' title='bbox 1100 2350 1169 2390; x_wconf 94' lang='lat' dir='ltr'>cum</span> 
     </span>
     <span class='ocr_line' id='line_1_23' title="bbox 115 2427 1169 2503; baseline -0.003 -13"><span class='ocrx_word' id='word_1_212' title='bbox 115 2433 238 2502; x_wconf 90' lang='lat' dir='ltr'>scutulo,</span> <span class='ocrx_word' id='word_1_213' title='bbox 263 2449 332 2487; x_wconf 93' lang='lat' dir='ltr'>cum</span> <span class='ocrx_word' id='word_1_214' title='bbox 357 2429 492 2486; x_wconf 90' lang='lat' dir='ltr'>calceolis</span> <span class='ocrx_word' id='word_1_215' title='bbox 516 2429 662 2503; x_wconf 84' lang='lat' dir='ltr'>repandis.</span> <span class='ocrx_word' id='word_1_216' title='bbox 705 2431 743 2485; x_wconf 97' lang='lat' dir='ltr'>At</span> <span class='ocrx_word' id='word_1_217' title='bbox 767 2446 827 2485; x_wconf 93' lang='lat' dir='ltr'>uon</span> <span class='ocrx_word' id='word_1_218' title='bbox 850 2437 894 2485; x_wconf 90' lang='lat' dir='ltr'>est</span> <span class='ocrx_word' id='word_1_219' title='bbox 915 2427 979 2485; x_wconf 89' lang='lat' dir='ltr'>talis</span> <span class='ocrx_word' id='word_1_220' title='bbox 1001 2429 1090 2502; x_wconf 89' lang='lat' dir='ltr'>Argia</span> <span class='ocrx_word' id='word_1_221' title='bbox 1112 2447 1169 2487; x_wconf 94' lang='lat' dir='ltr'>nec</span> 
     </span>
     <span class='ocr_line' id='line_1_24' title="bbox 115 2525 1169 2601; baseline -0.001 -15"><span class='ocrx_word' id='word_1_222' title='bbox 115 2530 251 2586; x_wconf 90' lang='lat' dir='ltr'>Romana</span> <span class='ocrx_word' id='word_1_223' title='bbox 273 2529 358 2586; x_wconf 91' lang='lat' dir='ltr'>Iuno.</span> <span class='ocrx_word' id='word_1_224' title='bbox 401 2528 480 2600; x_wconf 89' lang='lat' dir='ltr'>Ergo</span> <span class='ocrx_word' id='word_1_225' title='bbox 501 2526 556 2583; x_wconf 91' lang='lat' dir='ltr'>alia</span> <span class='ocrx_word' id='word_1_226' title='bbox 576 2527 690 2601; x_wconf 91' lang='lat' dir='ltr'>species</span> <span class='ocrx_word' id='word_1_227' title='bbox 715 2526 835 2583; x_wconf 93' lang='lat' dir='ltr'>Iunonis</span> <span class='ocrx_word' id='word_1_228' title='bbox 857 2525 976 2599; x_wconf 86' lang='lat' dir='ltr'>Argivis,</span> <span class='ocrx_word' id='word_1_229' title='bbox 995 2525 1051 2583; x_wconf 92' lang='lat' dir='ltr'>alia</span> <span class='ocrx_word' id='word_1_230' title='bbox 1073 2527 1169 2585; x_wconf 90' lang='lat' dir='ltr'>Lanu·</span> 
     </span>
     <span class='ocr_line' id='line_1_25' title="bbox 114 2622 1169 2699; baseline 0.001 -17"><span class='ocrx_word' id='word_1_231' title='bbox 114 2626 198 2694; x_wconf 90' lang='lat' dir='ltr'>vinis,</span> <span class='ocrx_word' id='word_1_232' title='bbox 219 2625 281 2681; x_wconf 83' lang='lat' dir='ltr'>alia</span> <span class='ocrx_word' id='word_1_233' title='bbox 306 2624 396 2680; x_wconf 79' lang='lat' dir='ltr'>nobr&#39;s.</span> <span class='ocrx_word' id='word_1_234' title='bbox 439 2623 478 2679; x_wconf 89' lang='lat' dir='ltr'>Et</span> <span class='ocrx_word' id='word_1_235' title='bbox 500 2622 621 2696; x_wconf 92' lang='lat' dir='ltr'>quidem</span> <span class='ocrx_word' id='word_1_236' title='bbox 646 2625 702 2681; x_wconf 91' lang='lat' dir='ltr'>alia</span> <span class='ocrx_word' id='word_1_237' title='bbox 725 2624 810 2682; x_wconf 92' lang='lat' dir='ltr'>nobis</span> <span class='ocrx_word' id='word_1_238' title='bbox 836 2624 1001 2699; x_wconf 92' lang='lat' dir='ltr'>Capitolini,</span> <span class='ocrx_word' id='word_1_239' title='bbox 1017 2625 1073 2682; x_wconf 91' lang='lat' dir='ltr'>alia</span> <span class='ocrx_word' id='word_1_240' title='bbox 1093 2626 1169 2683; x_wconf 85' lang='lat' dir='ltr'>Afris</span> 
     </span>
     <span class='ocr_line' id='line_1_26' title="bbox 71 2699 1202 2804; baseline -0.001 -25"><span class='ocrx_word' id='word_1_241' title='bbox 71 2699 296 2804; x_wconf 36' lang='lat' dir='ltr'>&amp;Hammonis</span> <span class='ocrx_word' id='word_1_242' title='bbox 312 2720 398 2778; x_wconf 90' lang='lat' dir='ltr'>Iovis.</span> <span class='ocrx_word' id='word_1_243' title='bbox 440 2719 510 2776; x_wconf 91' lang='lat' dir='ltr'>Non</span> <span class='ocrx_word' id='word_1_244' title='bbox 525 2719 617 2793; x_wconf 90' lang='lat' dir='ltr'>pudet</span> <span class='ocrx_word' id='word_1_245' title='bbox 634 2721 720 2796; x_wconf 86' lang='lat' dir='ltr'>igitur</span> <span class='ocrx_word' id='word_1_246' title='bbox 740 2721 903 2796; x_wconf 89' lang='lat' dir='ltr'>physicum,</span> <span class='ocrx_word' id='word_1_247' title='bbox 918 2720 948 2779; x_wconf 95' lang='lat' dir='ltr'>id</span> <span class='ocrx_word' id='word_1_248' title='bbox 970 2731 1015 2779; x_wconf 88' lang='lat' dir='ltr'>est</span> <span class='ocrx_word' id='word_1_249' title='bbox 1035 2722 1168 2796; x_wconf 92' lang='lat' dir='ltr'>specula·</span> <span class='ocrx_word' id='word_1_250' title='bbox 1181 2739 1202 2778; x_wconf 73' lang='lat' dir='ltr'>rr</span> 
     </span>
     <span class='ocr_line' id='line_1_27' title="bbox 114 2818 1169 2889; baseline 0.002 -13"><span class='ocrx_word' id='word_1_251' title='bbox 114 2828 207 2876; x_wconf 92' lang='lat' dir='ltr'>torem</span> <span class='ocrx_word' id='word_1_252' title='bbox 230 2825 457 2889; x_wconf 83' lang='lat' dir='ltr'>venatoremque</span> <span class='ocrx_word' id='word_1_253' title='bbox 480 2825 608 2888; x_wconf 87' lang='lat' dir='ltr'>naturae,</span> <span class='ocrx_word' id='word_1_254' title='bbox 632 2819 670 2876; x_wconf 89' lang='lat' dir='ltr'>ab</span> <span class='ocrx_word' id='word_1_255' title='bbox 694 2820 797 2876; x_wconf 89' lang='lat' dir='ltr'>animis</span> <span class='ocrx_word' id='word_1_256' title='bbox 822 2818 1036 2877; x_wconf 90' lang='lat' dir='ltr'>consuetudine</span> <span class='ocrx_word' id='word_1_257' title='bbox 1061 2819 1169 2878; x_wconf 90' lang='lat' dir='ltr'>inbutis</span> 
     </span>
     <span class='ocr_line' id='line_1_28' title="bbox 114 2912 1170 2989; baseline 0.002 -17"><span class='ocrx_word' id='word_1_258' title='bbox 114 2925 213 2989; x_wconf 90' lang='lat' dir='ltr'>petere</span> <span class='ocrx_word' id='word_1_259' title='bbox 235 2913 434 2970; x_wconf 89' lang='lat' dir='ltr'>testimonium</span> <span class='ocrx_word' id='word_1_260' title='bbox 456 2912 603 2972; x_wconf 84' lang='lat' dir='ltr'>veritatis?</span> <span class='ocrx_word' id='word_1_261' title='bbox 646 2917 707 2974; x_wconf 93' lang='lat' dir='ltr'>Isto</span> <span class='ocrx_word' id='word_1_262' title='bbox 733 2917 812 2973; x_wconf 89' lang='lat' dir='ltr'>enim</span> <span class='ocrx_word' id='word_1_263' title='bbox 836 2915 927 2974; x_wconf 92' lang='lat' dir='ltr'>modo</span> <span class='ocrx_word' id='word_1_264' title='bbox 950 2915 1048 2973; x_wconf 91' lang='lat' dir='ltr'>dicere</span> <span class='ocrx_word' id='word_1_265' title='bbox 1070 2915 1170 2974; x_wconf 92' lang='lat' dir='ltr'>licebit</span> 
     </span>
     <span class='ocr_line' id='line_1_29' title="bbox 116 3008 1169 3088; baseline 0.004 -20"><span class='ocrx_word' id='word_1_266' title='bbox 116 3012 218 3069; x_wconf 92' lang='lat' dir='ltr'>Iovem</span> <span class='ocrx_word' id='word_1_267' title='bbox 238 3027 356 3084; x_wconf 91' lang='lat' dir='ltr'>semper</span> <span class='ocrx_word' id='word_1_268' title='bbox 375 3008 537 3082; x_wconf 88' lang='lat' dir='ltr'>barbatum,</span> <span class='ocrx_word' id='word_1_269' title='bbox 552 3013 717 3088; x_wconf 89' lang='lat' dir='ltr'>Apollinem</span> <span class='ocrx_word' id='word_1_270' title='bbox 740 3031 857 3087; x_wconf 90' lang='lat' dir='ltr'>semper</span> <span class='ocrx_word' id='word_1_271' title='bbox 878 3013 1038 3082; x_wconf 91' lang='lat' dir='ltr'>inberbem‚</span> <span class='ocrx_word' id='word_1_272' title='bbox 1055 3013 1169 3072; x_wconf 91' lang='lat' dir='ltr'>caesios</span> 
     </span>
     <span class='ocr_line' id='line_1_30' title="bbox 114 3108 1169 3184; baseline 0.004 -20"><span class='ocrx_word' id='word_1_273' title='bbox 114 3108 216 3166; x_wconf 88' lang='lat' dir='ltr'>oculos</span> <span class='ocrx_word' id='word_1_274' title='bbox 241 3108 401 3178; x_wconf 91' lang='lat' dir='ltr'>Minervae,</span> <span class='ocrx_word' id='word_1_275' title='bbox 423 3110 573 3168; x_wconf 90' lang='lat' dir='ltr'>caeruleos</span> <span class='ocrx_word' id='word_1_276' title='bbox 599 3127 662 3168; x_wconf 89' lang='lat' dir='ltr'>esse</span> <span class='ocrx_word' id='word_1_277' title='bbox 689 3110 830 3184; x_wconf 88' lang='lat' dir='ltr'>Neptuni.</span> <span class='ocrx_word' id='word_1_278' title='bbox 874 3111 912 3167; x_wconf 87' lang='lat' dir='ltr'>Et</span> <span class='ocrx_word' id='word_1_279' title='bbox 926 3108 1046 3184; x_wconf 90' lang='lat' dir='ltr'>quidem</span> <span class='ocrx_word' id='word_1_280' title='bbox 1067 3108 1169 3168; x_wconf 90' lang='lat' dir='ltr'>lauda·</span> 
     </span>
     <span class='ocr_line' id='line_1_31' title="bbox 115 3204 1205 3282; baseline 0.006 -20"><span class='ocrx_word' id='word_1_281' title='bbox 115 3223 179 3262; x_wconf 91' lang='lat' dir='ltr'>mus</span> <span class='ocrx_word' id='word_1_282' title='bbox 201 3204 323 3262; x_wconf 88' lang='lat' dir='ltr'>Athenis</span> <span class='ocrx_word' id='word_1_283' title='bbox 344 3205 510 3263; x_wconf 90' lang='lat' dir='ltr'>Volcanum</span> <span class='ocrx_word' id='word_1_284' title='bbox 535 3225 613 3277; x_wconf 91' lang='lat' dir='ltr'>eum,</span> <span class='ocrx_word' id='word_1_285' title='bbox 638 3225 728 3282; x_wconf 90' lang='lat' dir='ltr'>quem</span> <span class='ocrx_word' id='word_1_286' title='bbox 753 3207 822 3263; x_wconf 87' lang='lat' dir='ltr'>fecit</span> <span class='ocrx_word' id='word_1_287' title='bbox 846 3207 1029 3275; x_wconf 89' lang='lat' dir='ltr'>Alcamenes,</span> <span class='ocrx_word' id='word_1_288' title='bbox 1052 3207 1083 3263; x_wconf 92' lang='lat' dir='ltr'>iu</span> <span class='ocrx_word' id='word_1_289' title='bbox 1108 3225 1169 3282; x_wconf 91' lang='lat' dir='ltr'>quo</span> <span class='ocrx_word' id='word_1_290' title='bbox 1182 3229 1205 3268; x_wconf 74' lang='lat'>³⁰</span> 
     </span>
     <span class='ocr_line' id='line_1_32' title="bbox 114 3301 1169 3378; baseline 0.004 -21"><span class='ocrx_word' id='word_1_291' title='bbox 114 3309 208 3359; x_wconf 88' lang='lat' dir='ltr'>stante</span> <span class='ocrx_word' id='word_1_292' title='bbox 231 3312 319 3376; x_wconf 92' lang='lat' dir='ltr'>atque</span> <span class='ocrx_word' id='word_1_293' title='bbox 344 3303 448 3360; x_wconf 90' lang='lat' dir='ltr'>vestito</span> <span class='ocrx_word' id='word_1_294' title='bbox 470 3301 572 3360; x_wconf 91' lang='lat' dir='ltr'>leviter</span> <span class='ocrx_word' id='word_1_295' title='bbox 593 3313 714 3378; x_wconf 89' lang='lat' dir='ltr'>apparet</span> <span class='ocrx_word' id='word_1_296' title='bbox 738 3301 912 3360; x_wconf 87' lang='lat' dir='ltr'>claudicatio</span> <span class='ocrx_word' id='word_1_297' title='bbox 937 3320 997 3360; x_wconf 90' lang='lat' dir='ltr'>non</span> <span class='ocrx_word' id='word_1_298' title='bbox 1019 3301 1169 3362; x_wconf 89' lang='lat' dir='ltr'>deformis.</span> 
     </span>
     <span class='ocr_line' id='line_1_33' title="bbox 115 3397 1170 3474; baseline 0.002 -19"><span class='ocrx_word' id='word_1_299' title='bbox 115 3397 262 3456; x_wconf 91' lang='lat' dir='ltr'>Claudum</span> <span class='ocrx_word' id='word_1_300' title='bbox 289 3399 375 3474; x_wconf 87' lang='lat' dir='ltr'>igitur</span> <span class='ocrx_word' id='word_1_301' title='bbox 403 3399 576 3456; x_wconf 91' lang='lat' dir='ltr'>habebimus</span> <span class='ocrx_word' id='word_1_302' title='bbox 605 3399 704 3469; x_wconf 91' lang='lat' dir='ltr'>deum,</span> <span class='ocrx_word' id='word_1_303' title='bbox 734 3397 874 3473; x_wconf 88' lang='lat' dir='ltr'>quoniam</span> <span class='ocrx_word' id='word_1_304' title='bbox 902 3398 939 3456; x_wconf 92' lang='lat' dir='ltr'>de</span> <span class='ocrx_word' id='word_1_305' title='bbox 964 3399 1098 3457; x_wconf 90' lang='lat' dir='ltr'>Volcano</span> <span class='ocrx_word' id='word_1_306' title='bbox 1126 3401 1170 3459; x_wconf 91' lang='lat' dir='ltr'>sic</span> 
     </span>
     <span class='ocr_line' id='line_1_34' title="bbox 114 3493 1171 3570; baseline 0.006 -21"><span class='ocrx_word' id='word_1_307' title='bbox 114 3496 293 3568; x_wconf 90' lang='lat' dir='ltr'>accepimus.</span> <span class='ocrx_word' id='word_1_308' title='bbox 336 3499 398 3570; x_wconf 88' lang='lat' dir='ltr'>Age</span> <span class='ocrx_word' id='word_1_309' title='bbox 417 3505 446 3552; x_wconf 94' lang='lat' dir='ltr'>et</span> <span class='ocrx_word' id='word_1_310' title='bbox 463 3495 507 3552; x_wconf 92' lang='lat' dir='ltr'>his</span> <span class='ocrx_word' id='word_1_311' title='bbox 527 3496 676 3553; x_wconf 89' lang='lat' dir='ltr'>vocabulis</span> <span class='ocrx_word' id='word_1_312' title='bbox 697 3513 761 3553; x_wconf 89' lang='lat' dir='ltr'>esse</span> <span class='ocrx_word' id='word_1_313' title='bbox 783 3493 855 3552; x_wconf 91' lang='lat' dir='ltr'>deos</span> <span class='ocrx_word' id='word_1_314' title='bbox 876 3494 1008 3565; x_wconf 83' lang='lat' dir='ltr'>facimus,</span> <span class='ocrx_word' id='word_1_315' title='bbox 1024 3496 1130 3569; x_wconf 92' lang='lat' dir='ltr'>quibus</span> <span class='ocrx_word' id='word_1_316' title='bbox 1152 3514 1171 3554; x_wconf 87' lang='lat' dir='ltr'>a</span> 
     </span>
     <span class='ocr_line' id='line_1_35' title="bbox 76 3590 1171 3667; baseline 0.003 -19"><span class='ocrx_word' id='word_1_317' title='bbox 76 3591 200 3649; x_wconf 69' lang='lat' dir='ltr'>anobis</span> <span class='ocrx_word' id='word_1_318' title='bbox 228 3593 436 3652; x_wconf 86' lang='lat' dir='ltr'>nominantur?</span> <span class='ocrx_word' id='word_1_319' title='bbox 475 3593 514 3649; x_wconf 90' lang='lat' dir='ltr'>At</span> <span class='ocrx_word' id='word_1_320' title='bbox 541 3592 676 3667; x_wconf 89' lang='lat' dir='ltr'>primum,</span> <span class='ocrx_word' id='word_1_321' title='bbox 701 3601 773 3666; x_wconf 89' lang='lat' dir='ltr'>quot</span> <span class='ocrx_word' id='word_1_322' title='bbox 798 3590 951 3647; x_wconf 91' lang='lat' dir='ltr'>hominum</span> <span class='ocrx_word' id='word_1_323' title='bbox 975 3591 1099 3664; x_wconf 87' lang='lat' dir='ltr'>linguae,</span> <span class='ocrx_word' id='word_1_324' title='bbox 1125 3601 1171 3651; x_wconf 90' lang='lat' dir='ltr'>tot</span> 
     </span>
     <span class='ocr_line' id='line_1_36' title="bbox 114 3685 1206 3777; baseline 0.001 -31"><span class='ocrx_word' id='word_1_325' title='bbox 114 3687 236 3750; x_wconf 87' lang='lat' dir='ltr'>nomina</span> <span class='ocrx_word' id='word_1_326' title='bbox 249 3688 383 3767; x_wconf 78' lang='lat' dir='ltr'>deorum.</span> <span class='ocrx_word' id='word_1_327' title='bbox 426 3689 496 3768; x_wconf 77' lang='lat' dir='ltr'>Non</span> <span class='ocrx_word' id='word_1_328' title='bbox 510 3687 598 3777; x_wconf 72' lang='lat' dir='ltr'>enin,</span> <span class='ocrx_word' id='word_1_329' title='bbox 614 3696 646 3766; x_wconf 82' lang='lat' dir='ltr'>ut</span> <span class='ocrx_word' id='word_1_330' title='bbox 665 3697 697 3765; x_wconf 85' lang='lat' dir='ltr'>tu</span> <span class='ocrx_word' id='word_1_331' title='bbox 717 3685 855 3766; x_wconf 76' lang='lat' dir='ltr'>Velleius,</span> <span class='ocrx_word' id='word_1_332' title='bbox 870 3701 1058 3761; x_wconf 89' lang='lat' dir='ltr'>quocumque</span> <span class='ocrx_word' id='word_1_333' title='bbox 1078 3705 1169 3748; x_wconf 90' lang='lat' dir='ltr'>vene·</span> <span class='ocrx_word' id='word_1_334' title='bbox 1183 3711 1206 3755; x_wconf 72' lang='lat'>³5</span> 
     </span>
    </p>
   </div>
   <div class='ocr_carea' id='block_1_3' title="bbox 0 0 1261 4170">
    <p class='ocr_par' dir='ltr' id='par_1_3' title="bbox 0 0 1261 4170">
     <span class='ocr_line' id='line_1_37' title="bbox 0 0 1261 4170; baseline 0 0"><span class='ocrx_word' id='word_1_335' title='bbox 0 0 1261 4170; x_wconf 95' lang='lat' dir='ltr'> </span> 
     </span>
    </p>
   </div>
  </div>
 </body>
</html>
