2504 4170
390 265 457 314 Lm.
469 265 506 314 11.
539 265 729 314 cmvrr-rx.
766 267 796 329 §5
812 267 898 330 18-23.
1130 259 1169 338 85

111 419 253 479 orationis
267 418 386 478 flumine
401 421 578 495 reprensoris
594 421 727 478 convicia
740 420 897 493 diluuntur,
920 425 1052 498 angustia
1072 420 1170 484 autem

110 519 271 575 conclusae
286 518 422 574 orationis
437 536 497 574 non
511 517 594 574 facile
610 536 640 574 se
655 518 718 592 ipsa
732 528 848 576 tutatur.
891 521 978 578 Haec
993 523 1080 592 enim,
1096 543 1170 598 quae

111 613 270 671 dilatantur
304 630 322 670 a
355 613 449 684 nobis,
480 615 560 671 Zeno
592 614 633 671 sic
665 616 833 689 premebat:
867 617 995 689 ‘Quod
1025 600 1207 706 rationeg}

111 712 244 782 utitur,
266 709 303 768 id
330 711 457 768 melius
479 720 534 769 est
554 728 668 785 quam
694 710 750 783 id,
773 712 878 787 quod
904 716 1064 774 ratione
1094 736 1169 776 non

77 809 261 879 sutitur3
302 807 407 865 nihil
446 818 577 865 autem
619 808 765 866 mundo
807 811 969 884 melius3
1011 815 1169 873 ratione

111 905 240 979 igitur
259 903 427 978 mundus
448 906 604 963 utitur.'
647 907 782 964 Similiter
798 907 874 964 effici
892 919 990 983 potest
1006 912 1169 986 sapientem

111 1019 177 1059 esse
205 1000 360 1072 mundum,
388 1002 517 1059 similiter
548 1002 677 1074 beatum,
713 1004 842 1061 similiter
868 1015 1019 1064 aeternum
1030 1028 1038 1080 ;
1070 1011 1169 1068 omnia

111 1099 193 1156 enim
215 1098 289 1156 haec
310 1100 431 1157 meliora
451 1109 517 1156 sunt
538 1117 627 1174 quam
648 1118 692 1171 ea,
714 1119 789 1175 quae
811 1111 879 1158 sunt
899 1103 933 1159 iis
955 1107 1091 1176 carentia,
1111 1127 1167 1165 nec

111 1195 226 1254 mundo
255 1197 413 1271 quicquam
441 1196 544 1254 melius
555 1218 564 1268 3
599 1215 637 1254 ex
663 1215 723 1271 quo
751 1197 891 1255 efficietur
925 1217 988 1257 esse
1024 1203 1167 1262 mundum

72 1293 213 1352 1odeum.
257 1292 401 1367 Idemque
421 1293 479 1350 hoc
500 1293 610 1351 modo:
634 1294 813 1353 ‘Nullius
842 1315 960 1354 sensu
987 1302 1204 1359 carentisn

112 1409 204 1466 pars
226 1391 363 1465 aliqua
383 1401 520 1465 potest
541 1409 629 1448 esse
651 1392 854 1466 sentiens,
880 1395 1015 1452 mundi
1036 1407 1167 1456 autem

111 1499 250 1564 partes
271 1488 502 1546 sentientes
530 1498 640 1560 sunt,
668 1507 745 1546 non
766 1490 891 1565 igitur
913 1503 1024 1550 caret
1048 1513 1166 1554 sensu

111 1585 334 1644 muudus‚⁴‘
360 1587 455 1660 Pergit
487 1584 567 1643 idem
599 1596 628 1643 et
665 1596 768 1660 urguet
801 1589 968 1662 angustius:
1009 1591 1165 1665 ‘Nihil',

111 1685 215 1759 inquit,
255 1681 378 1758 ‘quod
416 1683 537 1739 animi
566 1682 755 1757 quodque
797 1685 971 1743 rationis
1006 1698 1066 1745 est
1100 1708 1165 1746 ex-

72 1800 221 1858 rspers,
259 1780 299 1837 id
341 1797 534 1855 generare
578 1798 622 1836 ex
666 1799 705 1837 se
743 1791 881 1855 potest
922 1785 1166 1845 animantem

112 1888 414 1953 conpotemque
448 1877 651 1949 rationis;
689 1877 857 1935 mundus
886 1891 1016 1938 autem
1044 1901 1165 1957 gene-

111 1985 173 2035 rat
214 1975 432 2034 animantis
484 1984 778 2049 compotesque
827 1977 1030 2051 rationis3
1080 1981 1165 2038 ani-

111 2091 220 2133 mans
249 2082 310 2131 est
338 2072 464 2147 igitur
492 2071 659 2128 mundus
688 2091 935 2148 composque
963 2077 1164 2136 rationis!

112 2172 259 2246 Idemque
295 2168 491 2239 similitudine,
527 2179 558 2226 ut
594 2187 682 2243 saepe
718 2169 800 2240 solet,
836 2171 979 2229 rationem
1023 2175 1166 2232 conclusit
1193 2186 1195 2190 ⁴

70 2272 170 2329 „hoc
213 2268 325 2326 modo:
369 2268 423 2325 ‘Si
465 2285 509 2323 ex
558 2265 666 2323 oliva
714 2267 920 2325 modulate
971 2282 1166 2330 canentes

110 2369 240 2429 tibiae
275 2375 560 2435 nascerentur,
591 2383 680 2422 num
716 2364 944 2438 dubitares,
977 2369 1072 2442 quin
1106 2371 1165 2427 in-

111 2475 223 2525 esset
262 2464 301 2522 in
344 2462 451 2521 oliva
493 2462 680 2520 tibicinii
722 2462 918 2536 quaedam
963 2465 1168 2525 scientia?

111 2563 237 2639 Quid,
270 2563 301 2620 si
336 2560 493 2636 platani
528 2559 724 2616 fidiculas
766 2560 921 2618 ferrent
954 2580 1165 2621 numerose

110 2660 333 2722 sonantes?
372 2658 477 2716 idem
515 2656 684 2715 scilicet
724 2675 914 2716 censeres
956 2660 993 2716 in
1034 2661 1164 2735 plata-

69 2759 172 2823 2⁵nis
228 2758 363 2816 inesse
415 2757 621 2815 musicam.
690 2755 768 2814 Cur
822 2755 949 2830 igitur
998 2758 1166 2816 mundus

109 2874 189 2915 non
227 2856 408 2913 animans
451 2855 698 2929 sapiensque
741 2852 967 2925 iudicetur,
1003 2873 1087 2912 cum
1122 2875 1166 2912 ex

110 2971 150 3012 se
182 2963 373 3029 procreet
404 2953 622 3010 animantis
651 2962 771 3027 atque
801 2952 1046 3025 sapientis?’

151 3050 212 3110 Sed
240 3050 380 3125 quoniam
417 3051 503 3124 coepi
538 3068 623 3107 secus
660 3068 754 3124 agere,
794 3059 880 3123 atque
918 3049 999 3105 initio
1035 3036 1203 3142 dixeramg

114 3147 270 3224 (negaram
284 3147 362 3204 enim
377 3147 453 3204 hanc
467 3148 591 3223 primam
605 3157 716 3221 partem
732 3165 817 3222 egere
832 3147 972 3215 oratione,
988 3145 1069 3219 quod
1091 3156 1166 3204 esset

70 3246 249 3306 soomnibus
274 3245 461 3319 perspicuum
486 3244 559 3302 deos
584 3244 677 3317 esse),
703 3254 801 3302 tamen
826 3244 856 3302 id
885 3245 980 3318 ipsum
1008 3244 1166 3302 rationibus

109 3342 241 3418 physicis
265 3341 439 3400 confirmare
462 3343 540 3399 volo.
582 3342 629 3399 Sic
654 3341 731 3398 enim
757 3360 802 3398 res
827 3360 857 3399 se
882 3342 979 3412 habet,
1001 3351 1033 3397 ut
1057 3341 1165 3412 omnia,
1215 3351 1217 3355 ’

110 3456 188 3513 quae
209 3437 323 3494 alantur
337 3448 366 3494 et
380 3456 455 3512 quae
471 3446 612 3507 crescant,
628 3437 798 3494 contineant
813 3439 842 3495 in
856 3457 888 3496 se
902 3439 961 3496 vim
977 3438 1088 3506 caloris,
1103 3438 1166 3495 sine

110 3552 170 3610 qua
193 3551 292 3608 neque
315 3534 351 3591 ali
373 3544 493 3608 possent
517 3552 574 3592 nec
598 3552 739 3592 crescere.
782 3535 860 3592 Nam
887 3553 985 3605 omne,
1013 3534 1095 3609 quod
1123 3545 1167 3592 est

111 3631 241 3690 calidum
266 3640 297 3689 et
321 3631 447 3705 igneum,
473 3632 565 3689 cietur
580 3640 609 3687 et
633 3630 726 3704 agitur
750 3641 831 3688 motu
856 3649 909 3689 suo
922 3652 930 3702 ;
961 3630 1043 3705 quod
1067 3642 1165 3690 autem

71 3727 195 3797 naliter
216 3735 248 3787 et
269 3727 383 3799 crescit,
406 3737 488 3787 motu
510 3726 641 3802 quodam
663 3727 751 3785 utitur
772 3737 854 3786 certo
876 3737 906 3786 et
930 3729 1096 3802 aequabili3
1115 3731 1169 3802 qui
