2504 4170
402 278 469 328 LIB.
486 278 536 329 111.
570 279 631 328 Car.
643 280 664 330 I.
698 280 798 343 §§1-4.
1071 277 1131 344 137

95 428 184 481 Cotta
198 427 299 482 closes
308 427 373 482 with
385 428 432 482 the
444 446 590 483 assurance
602 429 661 484 that
673 430 720 484 the
729 430 784 483 aim
794 429 827 484 of
836 428 878 482 his
888 429 977 484 whole
991 429 1132 483 discourse

64 513 86 568 is
98 522 149 567 not
163 523 196 567 to
211 514 293 583 deny
306 514 352 567 the
364 515 503 569 existence
515 517 548 570 of
561 516 607 570 the
619 517 700 587 gods,
715 517 765 571 but
778 517 842 586 only
857 526 886 570 to
900 517 975 570 show
989 517 1050 569 how
1064 516 1133 569 diffi-

65 601 119 654 cult
131 599 155 654 it
174 600 201 653 is
222 608 256 653 to
270 599 359 653 arrive
377 610 406 654 at
423 619 479 670 any
491 601 605 656 distinct
624 603 785 673 knowledge
805 603 891 656 about
912 603 996 655 them.
1035 603 1133 656 Cicero

65 686 133 741 adds
153 686 293 739 however
312 686 380 749 that,
394 687 528 758 although
541 687 662 741 Velleius
681 705 855 758 pronounces
869 689 914 742 the
927 688 1084 759 exposition
1099 688 1131 742 ol

66 774 150 828 Cotta
167 783 233 827 true
253 771 312 826 and
333 773 508 845 convincing‚
523 774 558 827 he
578 774 728 829 himselfis
748 775 868 828 inclined
889 785 917 829 to
939 775 1069 830 consider
1086 775 1133 829 the

65 859 149 915 views
168 860 205 914 of
220 858 330 913 Balbus
343 876 373 913 as
384 876 462 913 more
473 860 617 929 probable.

78 1406 291 1615 QUAE
281 1425 352 1465 cum
379 1407 486 1466 Balbus
515 1406 643 1481 dixisset,
668 1417 731 1467 tum
755 1408 894 1468 adridens
919 1411 1024 1470 Cotta:
1054 1408 1163 1511 Sero,l

204 1504 313 1579 inquit,
342 1504 423 1577 mihi,
453 1505 553 1577 Balbe,
578 1506 732 1581 praecipis,
759 1505 831 1581 quid
858 1507 1026 1565 delendam.
1070 1471 1160 1582 Ego

74 1619 154 1661 emm
167 1612 198 1660 te
218 1600 400 1676 disputante,
416 1600 488 1676 quid
510 1612 612 1660 contra
632 1603 772 1675 dicerem,
787 1622 906 1661 mecum
928 1604 990 1678 ipse
1012 1603 1135 1662 medita·

73 1700 136 1771 bar,
157 1716 260 1774 neque
284 1706 345 1755 tam
367 1698 519 1757 refellendi
540 1700 582 1756 tui
602 1718 692 1757 causa
710 1719 799 1774 quam
819 1719 862 1771 ea,
878 1719 953 1774 quae
975 1701 1070 1758 minus
1092 1702 1134 1758 in·

45 1796 264 1872 stellegebam,
293 1795 470 1869 requirendi.
514 1797 590 1855 Cum
618 1807 717 1854 autem
744 1816 798 1854 suo
827 1798 933 1872 cuique
962 1797 1072 1856 iudicio
1100 1798 1136 1856 sit

75 1893 231 1965 utendum,
246 1891 367 1950 difficile
388 1892 468 1951 sactu
489 1902 533 1950 est
555 1912 603 1951 me
626 1893 656 1951 id
677 1895 793 1965 sentire,
810 1894 890 1969 quod
905 1904 936 1952 tu
950 1895 1030 1952 velis,
1074 1895 1160 1956 Hica

75 1991 224 2049 Velleius:
249 1989 367 2060 NesciS,
382 1990 484 2064 inquit,
505 2000 613 2064 quanta
634 2009 703 2047 cum
724 1993 953 2065 exspectatione,
969 1992 1065 2062 Cotta,
1081 1993 1135 2049 sim

78 2099 107 2147 te
121 2087 286 2146 auditurus.
329 2085 480 2144 Iucundus
500 2087 579 2144 enim
594 2087 686 2145 Balbo
708 2098 807 2146 nostro
829 2107 925 2145 semro
947 2098 1013 2146 tuus
1034 2100 1137 2146 contra

80 2185 244 2262 Epicurum
258 2183 314 2242 suit
324 2203 333 2256 3
354 2184 502 2259 praebebo
518 2183 602 2259 igitur
623 2201 680 2258 ego
701 2203 748 2241 me
770 2185 822 2242 tibi
845 2185 972 2242 vicissim
993 2195 1136 2243 attentum

44 2308 69 2338 ιο
80 2292 184 2342 contra
204 2282 321 2342 Stoicos
342 2279 514 2338 auditorem.
557 2282 648 2355 Spero
666 2281 745 2338 enim
762 2291 801 2352 te,
816 2292 848 2338 ut
862 2281 946 2353 soles,
962 2282 1038 2340 bene
1054 2301 1136 2358 para-

79 2391 142 2439 tum
154 2380 268 2439 venire.
310 2378 389 2436 Tum
403 2378 508 2437 Cotta:
532 2379 579 2436 Sic
594 2378 772 2450 mehercule,
787 2379 889 2452 inquit,
905 2378 1017 2450 Vellei,
1040 2397 1136 2454 neque
1148 2402 1163 2444 n

80 2479 159 2537 enim
181 2476 256 2535 mihi
276 2475 424 2552 parratio
445 2493 513 2532 cnm
536 2474 648 2532 Lucilio
670 2485 714 2531 est
735 2493 770 2531 ac
784 2485 883 2532 tecum
898 2475 959 2532 suit.
1003 2476 1062 2550 Qui
1075 2486 1137 2534 tan-

81 2574 173 2633 dem?
193 2572 290 2648 inquit
306 2571 363 2630 ille.
406 2571 484 2645 Quia
507 2571 579 2629 mihi
601 2570 716 2629 videtur
741 2573 886 2646 Epicurus
911 2582 1005 2629 vester
1030 2573 1067 2630 de
1092 2573 1138 2632 dis

81 2670 285 2730 inmortalibus
309 2686 370 2727 non
394 2685 573 2744 magnopere
598 2686 728 2743 pugnare
740 2689 748 2740 3
777 2678 890 2725 tantum
915 2669 1006 2726 modo
1031 2688 1137 2745 negare

49 2790 72 2828 ιε
83 2766 155 2827 deos
180 2783 248 2826 esse
275 2784 337 2824 non
361 2764 459 2836 audet,
484 2782 523 2822 ne
551 2764 623 2839 quid
647 2765 771 2821 invidiae
801 2765 902 2822 subeat
927 2776 977 2823 aut
1001 2768 1138 2825 criminis.

84 2865 159 2924 Cum
174 2881 247 2922 vero
263 2862 337 2921 deos
353 2862 425 2920 nihil
441 2881 536 2937 agere,
551 2861 623 2918 nihil
644 2880 745 2918 curare
767 2862 919 2919 confirmat
941 2864 1138 2938 membrisque

84 2961 220 3020 humanis
242 2978 307 3018 esse
327 2960 485 3035 praeditos,
503 2957 557 3017 sed
578 2977 679 3016 eorum
702 2960 901 3017 membrorum
921 2978 1007 3017 usum
1028 2961 1139 3018 nullum

83 3059 202 3129 habere,
218 3056 321 3115 ludere
335 3055 450 3114 videtur
467 3057 593 3131 satisque
613 3066 724 3130 putare,
740 3057 764 3113 si
783 3056 888 3113 dixerit
908 3075 972 3114 esse
990 3058 1139 3131 quandam

84 3156 203 3215 beatam
224 3163 357 3212 naturam
375 3162 404 3211 et
421 3164 578 3211 aeternam.
620 3154 647 3210 A
669 3152 761 3210 Balbo
782 3164 880 3210 autem
902 3154 1165 3225 animadvertisne

56 3252 185 3324 acredo,
209 3269 300 3326 quam
323 3250 413 3309 multa
440 3251 520 3308 dicta
544 3251 601 3308 sint
625 3267 783 3325 quamque,
808 3251 919 3306 etiamsi
945 3252 1039 3308 minus
1062 3269 1138 3321 vera,

85 3358 184 3407 tamen
210 3357 281 3423 apta
304 3347 379 3405 inter
402 3364 433 3405 se
459 3358 488 3405 et
512 3347 708 3405 cohaerentia.
752 3349 854 3420 Itaque
880 3348 987 3421 cogito,
1013 3357 1044 3404 ut
1069 3347 1138 3417 dixi,

84 3464 145 3504 non
158 3455 222 3503 tarn
235 3444 368 3503 refellere
383 3444 445 3501 eius
460 3444 623 3502 orationem
638 3461 727 3517 quarn
742 3463 785 3513 ea,
802 3460 876 3517 quac
893 3445 988 3501 minus
1003 3443 1138 3514 intellexi,

84 3543 241 3618 requirere.
283 3541 390 3615 Quare,
403 3541 501 3611 Balbe,
513 3541 565 3598 tibi
579 3540 725 3614 permitto,
737 3540 956 3614 responderene
971 3541 1042 3597 mihi
1056 3540 1139 3596 malis

85 3639 123 3698 de
144 3640 267 3715 singulis
287 3638 373 3697 rebus
395 3638 545 3712 quaerenti
567 3656 604 3694 ex
624 3646 653 3693 te
676 3654 719 3707 ea,
743 3656 818 3711 quae
844 3655 946 3710 pamm
968 3640 1079 3711 accepi,
1102 3655 1140 3695 an

52 3738 250 3797 ¹suniversanr
272 3734 373 3794 audire
394 3736 556 3793 orationem
579 3752 684 3791 meam.
727 3735 755 3791 T
756 3753 805 3790 um
828 3733 952 3790 Balbus:
977 3735 1041 3806 Ego
1059 3750 1138 3803 vero,
