2504 4170
435 301 499 351 ma.
517 302 537 350 1.
571 301 631 351 cn.
645 303 665 359 r,
679 303 714 350 11.
749 303 848 367 §t1-5·
1125 305 1165 369 33

112 474 159 514 me
174 474 236 514 rem
252 474 431 530 causamque
446 456 585 527 continet,
601 466 697 514 utrum
719 456 789 513 nihil
804 465 901 532 agant,
916 456 986 513 nihil
1002 457 1165 530 moliantur,

111 554 193 611 omni
213 555 365 611 curatione
387 562 416 610 et
437 553 685 611 administratione
706 573 801 611 rerum
816 563 931 623 vacent,
947 572 984 610 an
1006 565 1108 612 contra
1128 557 1165 614 ab

112 651 145 707 iis
160 660 189 707 et
204 669 222 707 a
236 651 381 724 principio
396 651 495 707 omnia
510 652 586 707 sacta
607 660 636 707 et
657 653 815 709 constituta
837 652 894 708 sint
915 661 944 707 et
961 650 1000 708 ad
1021 652 1165 710 infinitum

111 756 228 821 tempus
249 757 385 822 regantur
407 757 494 821 atque
516 758 695 818 moveantur,
718 749 747 805 in
772 749 872 823 primis
895 766 1001 822 magna
1021 749 1164 808 dissensio

79 864 91 901 ⁵
112 854 164 915 est,
181 862 274 918 eaque
290 845 344 901 nisi
359 833 543 914 dhudicatur,
560 845 588 901 in
610 863 727 902 summo
749 863 844 903 errore
867 863 987 902 necesse
1010 856 1052 903 est
1071 846 1164 904 homi·

110 960 163 999 nes
180 951 268 1016 atque
284 943 314 998 in
329 942 520 999 maximarum
534 960 630 999 rerum
645 943 825 1016 ignoratione
840 943 955 999 versari.
997 944 1069 1001 Sunt
1084 945 1161 1001 enim
1180 934 1199 1041 ξ

110 1038 278 1114 philosophi
305 1049 335 1096 et
359 1039 483 1109 luerunt,
508 1039 558 1113 qui
587 1040 709 1096 omnino
737 1040 846 1096 nullam
875 1039 982 1096 habere
1012 1050 1165 1098 censerent

111 1154 206 1193 rerum
229 1135 421 1193 humanarum
443 1136 678 1210 procurationem
700 1134 783 1193 deos.
826 1136 960 1209 Quorum
979 1137 1003 1193 si
1017 1156 1085 1194 vera
1099 1156 1163 1195 sen·

110 1235 201 1291 tentia
220 1243 273 1303 est,
288 1251 363 1307 quae
379 1243 476 1307 potest
491 1251 554 1290 esse
568 1233 671 1307 pietaS,
687 1250 762 1306 quae
784 1234 931 1302 sanctitas,
947 1251 1023 1307 quae
1044 1235 1165 1307 religio?

73 1347 98 1374 10
112 1332 198 1388 Haec
213 1331 291 1387 enim
307 1331 407 1387 omnia
424 1347 496 1405 pure
518 1339 606 1403 atque
629 1339 708 1386 caste
730 1329 885 1386 tribuenda
905 1329 1029 1387 deorum
1051 1332 1164 1388 numini

110 1428 151 1484 ita
164 1437 241 1498 sunt,
253 1428 276 1484 si
290 1426 443 1503 animadve
471 1435 558 1483 untur
571 1426 608 1483 ab
623 1426 666 1495 iis,
679 1436 707 1483 et
721 1427 745 1483 si
759 1437 802 1483 est
816 1425 925 1500 aliquid
940 1445 957 1483 a
978 1427 1041 1485 deis
1056 1428 1163 1485 inmor-

110 1525 214 1583 talibus
230 1525 383 1581 hominum
394 1542 451 1598 gen
485 1524 491 1599 J
507 1522 656 1581 tributum.
692 1525 741 1581 Sin
755 1534 854 1580 autem
866 1523 914 1580 dei
929 1542 1025 1597 neque
1041 1535 1164 1598 possunt

110 1642 164 1681 nos
185 1623 282 1681 iuvare
304 1641 360 1680 nec
381 1623 483 1680 volunt
503 1640 559 1678 nec
581 1623 703 1679 omnino
724 1632 827 1679 curant
851 1640 916 1691 nec,
939 1622 1011 1696 quid
1032 1641 1160 1696 agamus,

110 1719 353 1790 animadvertunt,
368 1738 425 1776 nec
443 1729 496 1789 est,
511 1717 594 1792 quod
609 1720 646 1777 ab
665 1720 698 1776 iis
719 1719 757 1775 ad
779 1718 931 1776 hominum
945 1720 1033 1776 vitam
1047 1737 1161 1794 perma-

73 1836 179 1886 15nare
194 1818 295 1892 possit,
310 1815 382 1891 quid
397 1826 440 1873 est
457 1815 538 1891 quod
560 1816 633 1873 ullos
650 1815 713 1872 deis
731 1815 930 1873 inmortalibus
949 1817 1052 1887 cultuS,
1068 1816 1161 1875 hono·

109 1933 164 1986 res,
179 1933 283 1989 preces
303 1913 517 1971 adhibeamus?
558 1914 594 1969 ln
614 1913 713 1986 specie
735 1923 832 1969 autem
854 1913 939 1969 fictae
962 1913 1160 1985 simulationis,
1194 1950 1200 1963 ι

110 2013 185 2069 sicut
202 2012 331 2085 reliquae
345 2011 472 2080 virtuteS,
490 2011 561 2067 item
582 2010 674 2084 pietas
696 2011 791 2067 inesse
813 2028 873 2066 non
894 2019 1000 2083 potest,
1018 2028 1087 2068 curn
1104 2028 1163 2085 qua

109 2109 194 2166 simul
208 2109 392 2166 sanctitatem
408 2117 438 2165 et
451 2107 622 2181 religionem
641 2108 701 2164 tolli
722 2125 842 2164 necesse
858 2116 910 2176 est,
925 2107 1029 2180 quibus
1044 2109 1162 2166 sublatis

109 2205 287 2281 perturbatio
301 2206 376 2262 vitae
398 2204 528 2278 sequitur
548 2213 578 2261 et
599 2223 705 2278 magna
725 2204 874 2274 consusi03
895 2213 983 2277 atque
1005 2204 1083 2262 haud
1098 2207 1195 2266 scios

71 2329 97 2356 ω
110 2322 148 2360 an
168 2304 278 2378 pietate
292 2300 430 2359 adversos
445 2300 518 2358 deos
536 2300 648 2358 sublata
668 2299 742 2358 fides
757 2301 844 2357 etiarn
859 2310 888 2356 et
903 2301 1027 2358 societas
1048 2304 1161 2375 generis

109 2399 229 2457 humani
257 2409 287 2457 et
313 2418 372 2456 una
400 2396 641 2455 excellentissima
662 2398 759 2467 virtuS,
782 2397 910 2467 iustitia„
920 2397 1043 2455 tollatur.
1089 2400 1163 2457 Sunt

109 2507 209 2555 autem
231 2497 279 2554 alii
302 2495 479 2571 philosophi,
502 2506 531 2552 et
550 2495 570 2552 ii
593 2493 714 2568 quidem
739 2494 836 2568 magni
859 2505 946 2568 atque
970 2495 1090 2566 nobiles,
1110 2498 1162 2571 qui

109 2594 232 2652 deorum
250 2603 348 2651 mente
369 2603 456 2667 atque
478 2592 589 2649 ratione
610 2610 729 2649 ornnem
752 2590 895 2648 mundum
916 2591 1107 2650 administrari
1132 2604 1162 2652 et

108 2693 169 2767 regi
184 2701 332 2761 censeant,
348 2708 444 2764 neque
458 2708 527 2746 vero
550 2687 580 2746 id
601 2689 704 2758 solum,
720 2688 772 2746 sed
794 2689 881 2745 etiam
903 2689 940 2745 ab
957 2688 1051 2746 isdem
1067 2690 1161 2748 horni-

69 2812 95 2850 ²⁵
109 2809 181 2848 num
194 2790 270 2847 vitae
284 2787 397 2847 consuli
412 2796 441 2844 et
461 2784 625 2861 provideri3
653 2804 722 2842 narn
743 2795 773 2843 et
793 2787 888 2859 fruges
907 2788 1069 2860 etreliqua,
1084 2806 1160 2861 quae

108 2897 182 2944 terra
207 2886 307 2962 pariat,
330 2895 361 2943 et
384 2893 573 2959 tempestates
601 2901 635 2940 ac
663 2892 830 2958 temporum
853 2884 1004 2940 varietates
1028 2885 1160 2958 caelique

107 2985 292 3054 mutationes,
314 2982 419 3057 quibus
441 2982 548 3052 omnia,
571 2998 646 3054 quae
674 2989 749 3038 terra
776 2981 883 3055 gignat,
905 2991 1046 3037 maturata
1067 2982 1161 3056 pube-

108 3091 200 3153 scant,
216 3080 292 3138 adis
307 3079 507 3149 inmortalibus
522 3078 608 3135 tribui
622 3079 721 3152 generi
739 3077 869 3135 humano
883 3087 987 3151 putant
1001 3079 1160 3152 multaque,

107 3197 183 3254 quae
198 3177 333 3236 dicentur
346 3177 375 3234 in
397 3176 440 3232 his
462 3175 548 3246 libris,
563 3174 712 3248 colhgunt,
728 3193 802 3249 quae
824 3175 891 3230 talia
912 3184 987 3244 sunt,
1002 3185 1034 3231 ut
1048 3194 1084 3233 ea
1098 3176 1161 3249 ipsa

69 3275 158 3336 rodei
181 3274 349 3333 inmortales
373 3272 412 3331 ad
437 3291 522 3329 usum
547 3271 699 3329 hominum
725 3272 856 3330 fabricati
880 3288 974 3345 paene
996 3271 1159 3330 videantur.

108 3373 219 3432 Contra
233 3391 307 3446 quos
322 3369 490 3430 Carneades
505 3371 544 3426 ita
564 3369 654 3426 multa
669 3367 811 3437 disseruit,
827 3378 858 3424 ut
873 3368 1012 3424 excitaret
1026 3368 1159 3426 homines

107 3488 168 3528 non
183 3467 322 3526 socordes
336 3468 374 3525 ad
388 3467 447 3524 veri
462 3464 654 3540 investigandi
670 3465 869 3540 cupiditatem.
913 3466 974 3522 Res
989 3466 1067 3520 enim
1082 3466 1160 3522 nulla
1178 3479 1191 3519 ⁵

108 3576 161 3638 est,
177 3566 215 3623 de
235 3583 293 3639 qua
314 3575 465 3639 tantopere
486 3581 547 3620 non
569 3563 662 3620 solum
684 3561 805 3630 indocti,
820 3560 874 3618 sed
896 3562 983 3618 etiam
1005 3560 1086 3618 docti
1100 3561 1158 3619 dis·

107 3663 234 3722 sentiant
245 3682 253 3733 3
275 3679 399 3735 quorum
420 3659 574 3733 opiniones
596 3677 664 3715 eum
684 3668 745 3715 tarn
758 3657 853 3714 variae
875 3658 932 3714 sint
948 3667 1067 3731 tamque
1085 3658 1160 3715 inter

69 3790 94 3830 ,ς
107 3778 139 3819 se
164 3757 348 3829 dissidentes,
372 3757 494 3814 alterum
516 3755 577 3812 fieri
602 3753 735 3829 profecto
759 3760 865 3827 potest,
890 3763 922 3810 ut
947 3771 1046 3811 earum
1070 3752 1157 3824 nulla,
