2504 4170
124 304 183 352 122
448 297 497 350 DE
517 301 664 351 NATURA
687 297 846 350 DEORUM.

119 457 242 514 salutem
263 455 397 514 omniurn
419 456 731 528 conservationemque
752 452 959 511 admirabiliter
973 452 1166 511 administrari

75 568 113 610 13³
161 554 221 610 Hic
236 562 356 627 quaeret
371 552 524 626 quispiam,
544 555 694 608 cuiusnam
718 569 806 607 causa
827 560 971 607 tantarum
994 568 1090 607 rerum
1112 567 1167 606 mo

119 650 180 707 litio
202 650 278 706 facta
299 650 354 719 sit,
376 649 550 706 arborumne
573 658 602 704 et
625 648 799 705 herbarum?
820 664 896 720 quae
911 664 1092 721 quamquam
1114 646 1168 703 sine

119 765 205 804 sensu
227 755 303 816 sunt,
319 755 418 802 tamen
433 763 451 801 a
465 754 567 801 natura
590 745 775 801 sustinentur.
817 746 856 800 At
879 742 909 800 id
933 742 1056 816 quidem
1079 743 1168 799 absur-

120 843 191 899 dum
206 853 258 899 est.
301 844 347 899 An
361 841 540 898 bestiarum?
581 840 681 898 Nihilo
695 839 872 914 probabilius
886 839 960 896 deos
981 850 1126 896 mutarum
1145 848 1171 896 et
1185 865 1193 903 ς

119 938 191 995 nihil
218 938 448 1013 intellegentium
478 955 566 994 causa
590 945 704 994 tanturn
732 936 886 994 laborasse.
930 935 1066 1009 Quorum
1094 936 1171 1010 igitur

120 1053 208 1093 causa
235 1038 300 1109 quis
327 1034 432 1093 dixerit
460 1034 598 1091 effectum
626 1051 691 1091 esse
719 1032 885 1090 mundum?
926 1034 1038 1091 Eorum
1067 1032 1172 1090 scilicet

119 1133 319 1202 animantium,
343 1149 418 1206 quae
443 1132 554 1188 ratione
580 1140 707 1188 utuntur.
750 1131 794 1187 Hi
821 1139 889 1187 sunt
915 1129 947 1187 di
975 1139 1006 1187 et
1033 1129 1171 1199 homines,

118 1230 225 1305 quibus
241 1229 373 1304 prosecto
388 1228 459 1285 nihil
479 1238 523 1285 est
542 1227 664 1297 melius;
686 1227 759 1284 ratio
780 1237 824 1284 est
847 1227 936 1298 enirn,
951 1244 1028 1300 quae
1051 1234 1173 1302 praestet

120 1326 266 1384 omnibus.
309 1326 355 1382 Ita
375 1325 407 1382 fit
427 1323 566 1382 credibile
582 1323 705 1381 deorum
728 1333 757 1380 et
779 1323 932 1381 hominum
956 1341 1047 1381 causa
1069 1323 1202 1381 factumn

75 1433 114 1490 54
121 1442 184 1481 esse
199 1421 343 1481 mundum
358 1439 492 1496 quaeque
507 1422 588 1479 ineo
607 1418 752 1498 [mundo]
770 1421 827 1478 sint
841 1421 949 1479 omnia.
993 1420 1173 1495 Faciliusque

120 1520 302 1596 intellegetur
315 1538 334 1577 a
347 1518 393 1577 dis
410 1519 609 1576 inmortalibus
631 1518 797 1575 hominibus
819 1535 882 1575 esse
906 1518 1065 1592 provisum,
1081 1519 1105 1576 si
1127 1517 1175 1575 erit

120 1626 182 1675 tota
206 1616 332 1675 hominis
356 1616 505 1674 fabricatio
530 1624 685 1690 perspecta
708 1615 863 1690 omnisque
887 1615 1033 1673 humanae
1058 1625 1174 1674 naturae

76 1714 212 1788 rattigura
225 1723 313 1788 atque
328 1713 479 1787 perfectio.
522 1713 600 1770 Nam
615 1731 683 1769 cum
698 1713 788 1769 tribus
806 1713 893 1770 rebus
914 1712 1109 1770 animantium
1122 1712 1176 1769 vita

120 1819 261 1881 teneatur,
277 1810 354 1879 cibo,
368 1810 499 1884 potione,
519 1810 629 1883 spiritu,
651 1807 690 1866 ad
711 1810 785 1866 haec
806 1810 906 1866 omnia
928 1808 1124 1883 percipienda
1144 1826 1174 1866 os
1186 1833 1205 1872 ις

121 1917 165 1965 est
179 1907 369 1981 aptissimum,
385 1905 465 1979 quod
480 1905 625 1963 adiunctis
646 1905 763 1963 naribus
784 1906 885 1979 spiritu
900 1916 1030 1981 augetur.
1076 1905 1174 1964 Denti-

121 2004 176 2062 bus
190 2013 287 2061 autem
302 2004 332 2060 in
346 2021 396 2060 ore
412 2002 584 2060 constructis
599 2001 746 2059 manditur
760 2011 848 2076 atque
868 2000 921 2079 [ab
937 2001 986 2080 iis]
1007 2013 1177 2061 extenuatur

121 2111 150 2160 et
172 2101 287 2158 molitur
307 2101 398 2157 cibus.
443 2101 554 2157 Eorum
574 2098 687 2156 adversi
710 2099 788 2157 acuti
811 2118 910 2158 morsu
928 2099 1064 2158 dividunt
1088 2119 1175 2170 escas,

121 2197 215 2256 intimi
236 2206 334 2254 autem
357 2196 526 2266 conficiunt,
548 2196 598 2270 qui
620 2196 738 2270 genuini
756 2208 907 2268 vocantur,
930 2215 1007 2272 quae
1031 2198 1176 2256 confectio

77 2296 210 2352 raetiam
233 2312 250 2351 a
271 2294 369 2368 lingua
392 2292 520 2350 adiuvari
542 2292 664 2350 videtur.
709 2294 852 2368 Linguam
876 2305 974 2352 autem
1000 2294 1040 2353 ad
1065 2295 1209 2353 radicesue

122 2393 184 2449 eius
198 2391 320 2448 haerens
334 2390 442 2464 excipit
457 2389 633 2460 stomachus,
649 2409 708 2465 quo
723 2391 847 2465 primum
863 2392 1030 2450 inlabuntur
1043 2411 1089 2463 ea,
1104 2410 1177 2468 quae

122 2497 246 2562 accepta
259 2497 326 2545 sunt
340 2504 400 2544 ore.
443 2488 472 2544 ls
492 2497 613 2560 utraque
629 2498 760 2561 exparte
782 2488 890 2546 tosillas
912 2490 1058 2564 attingens
1081 2491 1178 2566 palato

123 2594 253 2642 extremo
267 2593 354 2658 atque
369 2584 471 2641 intimo
491 2584 670 2642 terminatur.
712 2587 808 2659 Atque
830 2586 854 2643 is
876 2586 1034 2661 agitatione
1049 2598 1080 2647 et
1094 2588 1178 2645 moti·

121 2683 176 2740 bus
197 2681 311 2755 linguae
333 2699 401 2738 cum
423 2680 578 2754 depulsum
601 2691 630 2738 et
649 2681 731 2755 quasi
753 2680 903 2739 detrusum
928 2683 1028 2742 cibum
1053 2685 1177 2760 accepit,

123 2778 251 2852 depellit.
294 2778 388 2852 Ipsius
410 2788 508 2835 autem
530 2787 627 2852 partes
652 2796 715 2849 eae,
736 2796 812 2853 quae
836 2789 904 2838 sunt
928 2780 1000 2837 infra
1024 2799 1114 2856 quam
1138 2780 1177 2853 id,
1190 2806 1211 2846 ις

122 2874 205 2950 quod
229 2873 391 2945 devoratur,
416 2874 580 2945 dilatantur,
606 2893 682 2949 quae
710 2886 809 2933 autem
836 2894 932 2950 supra,
958 2878 1177 2936 contrahuntur.

79 2971 181 3030 laoSed
196 2990 264 3028 cum
278 2989 381 3045 aspera
394 2972 497 3029 arteria
516 2973 573 3048 (sic
589 2973 668 3030 enim
689 2990 707 3029 a
727 2972 850 3031 medicis
872 2973 1052 3050 appellatur)
1071 2977 1178 3034 ostium

123 3069 229 3126 habeat
256 3067 427 3126 adiunctum
454 3069 569 3143 linguae
597 3068 745 3127 radicibus
772 3070 860 3144 paulo
888 3089 984 3146 supra,
1013 3091 1104 3148 quam
1139 3072 1178 3131 ad

122 3166 251 3240 linguam
265 3165 432 3223 stomachus
446 3165 619 3234 adnectitur,
636 3184 728 3240 eaque
744 3165 781 3223 ad
803 3168 957 3242 pulmones
974 3187 1068 3243 usque
1090 3171 1176 3245 perti-

122 3272 192 3320 neat
206 3262 390 3336 excipiatque
411 3263 547 3330 animmn,
564 3281 628 3318 eam
644 3281 719 3336 quae
735 3262 824 3320 ducta
845 3274 889 3322 est
909 3266 1020 3340 spiritu,
1037 3267 1177 3324 eandem·
1191 3286 1214 3324 ³⁰

123 3378 180 3434 que
209 3377 226 3416 a
253 3358 440 3433 pulmonibus
467 3360 588 3433 respiret
617 3370 645 3416 et
674 3358 786 3429 reddat,
810 3361 916 3434 tegitur
939 3361 1070 3436 quodam
1095 3365 1179 3438 quasi

123 3454 272 3530 operculo,
288 3453 369 3528 quod
384 3455 423 3511 ob
438 3470 503 3510 earn
525 3473 643 3512 causam
665 3455 765 3513 datum
787 3468 839 3526 est,
855 3477 902 3528 ne,
918 3459 942 3516 si
964 3459 1037 3534 quid
1060 3461 1090 3518 in
1113 3479 1180 3518 eam

124 3554 181 3611 cibi
196 3554 268 3610 sorte
283 3551 442 3620 incidisset,
457 3552 572 3625 spiritus
588 3553 784 3626 impediretur.
827 3554 885 3612 Sed
907 3573 975 3612 curn
998 3557 1053 3614 alvi
1075 3567 1180 3615 natura
1205 3543 1208 3548 ’

123 3651 254 3708 subiecta
267 3646 421 3705 stomacho
443 3648 499 3704 cibi
521 3657 550 3704 et
572 3650 699 3722 potionis
722 3650 758 3706 sit
780 3653 1007 3725 receptaculum,
1022 3653 1179 3727 pulmones

122 3756 221 3806 autem
242 3754 272 3803 et
292 3762 345 3802 cor
368 3743 546 3802 extrinsecus
568 3746 699 3819 spiritum
721 3745 840 3817 ducant,
855 3748 885 3804 in
908 3748 972 3807 alvo
997 3749 1088 3807 multa
1110 3758 1217 3814 suntas
