2504 4170
294 285 398 344 mayr.
432 292 677 354 cmxxnxxn.
711 295 742 360 §a
756 295 844 361 53·⁶⁰·
1052 295 1097 362 49

37 447 126 507 soluti
145 455 177 506 et
197 446 227 505 in
248 446 410 505 libertatern
423 440 562 506 vindicati
582 466 640 506 nec
660 449 817 507 metuimus
841 442 902 520 eos,
917 464 992 523 quos
1012 442 1095 506 intel·

39 544 167 620 legimus⁴
178 560 235 600 nec
249 543 303 602 sibi
318 544 428 619 fingere
443 544 529 601 ullam
544 545 709 604 molestiam
730 562 787 603 nec
808 545 888 602 alteri
902 561 1051 620 quaerere,
1066 554 1097 604 et

34 642 89 715 pie
102 650 264 715 sancteque
279 641 401 699 colimus
416 650 548 698 naturam
568 642 761 699 excellentem
783 652 869 716 atque
891 651 1095 716 praestantem.

33 736 99 796 Sed
113 737 207 794 elatus
221 736 319 795 studio
332 755 435 795 vereor
448 756 485 795 ne
501 738 613 813 longior
626 739 738 797 fuerim.
781 739 852 795 Erat
865 748 964 796 autem
978 737 1095 798 difficile

10 851 101 892 arem
123 843 235 891 tantam
256 844 382 910 tamque·
397 835 575 909 praeclaram
600 836 768 892 inchoatam
789 834 971 910 relinquere,
993 854 1095 911 quam·

38 947 130 1006 quam
144 947 205 988 non
220 940 280 988 tam
294 930 414 989 dicendi
428 932 500 990 ratio
515 932 586 989 mihi
605 930 744 990 habenda
756 931 809 989 fuit
823 950 911 1006 quam
926 931 1074 991 audiendi.

33 1068 38 1075 ,
78 1029 158 1086 Tum
179 1028 268 1087 Cotta
288 1030 419 1099 comiter,
434 1038 466 1086 ut
486 1029 617 1087 solebat:
640 1029 738 1103 Atqui,
752 1029 856 1103 inquit,
870 1030 972 1100 Vellei,
986 1030 1041 1088 nisi
1062 1040 1093 1087 tu
1101 1008 1137 1117 ἓξ

36 1125 151 1200 aliquid
169 1118 304 1197 dixisses,
326 1126 398 1183 nihil
426 1143 496 1183 sane
525 1144 563 1184 ex
588 1144 653 1216 τῆςν
663 1125 786 1200 quidem
813 1127 914 1185 audire
942 1128 1116 1202 potuisses..

34 1217 116 1280 -Mihi
130 1222 211 1279 enim
225 1240 285 1280 non
299 1232 359 1279 tam
373 1223 458 1280 facile
472 1223 508 1280 -in
529 1232 660 1281 mentem
674 1224 772 1281 venire
794 1224 877 1295 solet,
891 1242 981 1299 quare
994 1241 1095 1282 verum

10 1341 24 1368 ο
34 1314 76 1377 sit
89 1317 210 1394 aliquid,
225 1316 416 1393 quam'quare
430 1319 553 1392 falsum3
575 1319 665 1394 idque
687 1338 756 1378 cum
776 1337 875 1394 saepe,
889 1329 960 1391 tum,
976 1338 1044 1377 cum
1065 1329 1094 1378 te

37 1414 182 1486 audirem,
197 1415 285 1489 paulo
299 1425 367 1472 ante
382 1416 514 1490 contigit.
557 1418 658 1492 Roges
671 1435 729 1489 me,
744 1417 861 1492 qualem
872 1426 1008 1474 naturam
1022 1414 1094 1475 deo-

33 1530 103 1570 rum
124 1528 195 1570 esse·
204 1509 326 1584 ducam,
336 1512 414 1570 nihil.
429 1513 549 1572 fortasse
569 1513 786 1589 respondeam3
808 1531 939 1588 quaeras,
955 1512 1094 1587 putemne

33 1609 129 1667 talem
143 1625 217 1680 esse,
232 1609 324 1682 qualis
338 1608 430 1668 modo
444 1628 462 1667 a
475 1619 504 1668 te
520 1611 556 1668 sit
569 1611 708 1685 exposita,
723 1610 795 1668 nihil
809 1608 907 1667 dicam
921 1609 992 1667 mihi
1002 1609 1095 1669 videri

35 1705 147 1764 minus.
189 1703 248 1764 Sed
270 1716 338 1763 ante
359 1724 448 1780 quam
472 1705 686 1782 adgrediar-ad
709 1725 753 1778 ea,
769 1724 845 1781 quae
865 1725 882 1764 a
903 1716 931 1764 te
947 1706 1095 1782 disputata

10 1827 22 1865 s
35 1811 116 1874 sunt,
131 1798 172 1860 de
192 1812 223 1859 te
242 1803 307 1877 ipso
322 1801 419 1861 dicam
434 1803 507 1878 quid
528 1805 659 1862 sentiam.
701 1805 795 1878 Saepe
810 1804 889 1861 enim
904 1804 942 1862 de
964 1803 1094 1862 familiari
1106 1821 1132 1861 aa

34 1896 87 1958 illo
101 1909 154 1958 tuo
167 1898 270 1958 videor
283 1899 408 1972 audisse,
423 1919 492 1959 cum
512 1911 541 1959 te
562 1892 666 1976 togatis
680 1901 816 1959 omnibus
831 1901 892 1958 sine
908 1900 998 1959 dubio
1012 1911 1094 1959 ante„

36 1995 126 2054 ferret
146 2005 177 2054 et
200 2014 311 2072 paucos
335 2007 434 2056 tecum
457 1999 618 2073 Epicureos
639 2015 656 2056 e
678 1997 803 2058 Graecia
824 2007 1019 2072 compararet,
1030 1998 1093 2071 sed,

34 2093 122 2168 quod
137 2094 176 2152 ab
189 2111 227 2153 eo
240 2102 270 2153 te
284 2094 405 2153 mirifice
416 2093 496 2170 diligi
515 2095 728 2170 intellegebam,
740 2095 899 2154 arbitrabar
910 2095 991 2152 illum
1005 2113 1092 2171 prop·

36 2201 83 2250 ter
106 2191 334 2250 benivolentiam
358 2184 474 2249 uberius
500 2190 530 2249 id
554 2190 662 2250 dicere.
705 2192 771 2266 Ego
794 2201 902 2270 autem,
917 2192 971 2249 etsi
992 2210 1094 2250 vereor

10 2285 158 2348 alaudare
173 2298 366 2364 praesentem,
382 2287 481 2372 iudico
501 2297 600 2360 tamen
612 2287 653 2346 de
666 2306 698 2346 re
712 2284 837 2346 obscura
849 2298 938 2362 atque
952 2288 1062 2347 difficili
1076 2308 1094 2346 a

36 2396 68 2445 te
89 2387 204 2445 dictum
226 2403 290 2444 esse
312 2383 451 2456 dilucide,
466 2402 564 2474 neque
588 2386 740 2456 sententiis
764 2385 859 2442 solum
884 2384 1013 2462 copiose,
1039 2385 1093 2444 sed

35 2484 135 2542 verbis
163 2483 251 2541 etiam
278 2482 415 2553 ornatius,
443 2500 533 2559 quam
561 2482 654 2540 solent
679 2482 773 2540 vestri.
815 2483 974 2555 Zenonem,
1003 2501 1092 2558 quem
1105 2501 1132 2542 aa

36 2580 122 2639 Philo
147 2572 247 2638 noster
266 2579 466 2655 coryphaeum
486 2572 631 2654 appellare
654 2579 866 2654 Epicureorum
887 2579 1008 2650 solebat,
1023 2599 1093 2639 cum

35 2677 162 2735 Athenis
175 2693 280 2747 essem,
289 2675 447 2735 audiebam
460 2676 636 2751 frequenter,
643 2685 674 2734 et
684 2672 805 2751 quidem
819 2676 883 2751 ipso
894 2686 1013 2734 auctore
1026 2677 1091 2735 Phi·

10 2800 21 2838 s
34 2775 116 2844 lone,
131 2772 232 2844 credo,
246 2783 279 2831 ut
292 2773 403 2831 facilius
424 2772 595 2845 iudicarem,
610 2789 700 2848 quam
720 2773 768 2832 illa
786 2774 864 2832 bene
885 2775 1092 2846 refellerentur,

35 2890 107 2929 cum
135 2889 153 2927 a
180 2870 313 2946 principe
339 2871 552 2945 Epicureorum
579 2871 770 2946 accepissem,
792 2889 882 2945 quem
906 2871 945 2929 ad
969 2871 1092 2930 modurn

35 2967 213 3026 dicerentur.
256 2968 329 3026 Non
343 2968 433 3042 igitur
453 2968 510 3040 ille,
525 2979 557 3026 ut
578 2969 718 3044 plerique,
733 2967 789 3026 sed
810 2968 866 3026 isto
888 2967 989 3048 m0d0,
1005 2979 1037 3027 ut
1051 2978 1091 3040 tu,

10 3065 185 3135 ,distincte
206 3064 345 3138 graviter,
363 3057 498 3122 emate*
516 3063 575 3123 Sed
590 3065 672 3140 quod
694 3065 726 3134 in
750 3064 799 3122 illo
823 3064 895 3122 mihi
922 3083 976 3131 usu
1004 3083 1092 3141 saepe

34 3161 126 3231 venit,
142 3159 221 3223 idern
235 3160 336 3231 modo,
351 3178 420 3217 cum
434 3170 463 3217 te
479 3159 619 3232 audirem,
630 3161 794 3235 accidebat,
806 3170 839 3219 ut
852 3161 975 3246 moleste
988 3162 1093 3220 ferrem

10 3267 151 3315 stantum
165 3257 315 3331 ingenium
330 3257 425 3333 (bona
436 3258 520 3315 venia
533 3275 581 3314 me
595 3253 713 3334 audies)
728 3259 758 3330 in
773 3268 833 3336 tam
847 3258 934 3329 leves,
945 3276 983 3336 ne
995 3257 1092 3316 dicam
1111 3215 1122 3280 i

35 3354 67 3412 in
82 3363 143 3410 tam
158 3354 272 3427 ineptas
293 3354 450 3411 sententias
472 3352 618 3412 incidisse.
661 3342 727 3413 Nec
742 3353 799 3430 ego
813 3373 893 3413 nunc
907 3354 969 3429 ipse
984 3354 1092 3429 aliquid
1105 3356 1131 3414 so

35 3450 168 3526 adiciam
190 3451 301 3508 melius.
343 3453 385 3510 Ut
405 3452 484 3508 enim
505 3449 596 3507 modo
618 3449 688 3522 dixi,
703 3451 839 3534 omnibus
859 3452 920 3510 fere
943 3451 973 3508 in
997 3450 1091 3523 rebus,

34 3546 91 3606 sed
107 3527 279 3604 maxime-in
293 3545 429 3620 physicis,
445 3545 517 3621 quid
538 3564 598 3603 non
613 3548 658 3617 sit,
674 3546 767 3615 citius,
779 3565 868 3621 quam
882 3545 955 3622 quid
969 3547 1014 3617 sit,
1029 3545 1092 3604 dix·

34 3644 120 3703 erim.
163 3644 264 3716 Roges
285 3660 342 3712 me,
357 3642 428 3716 quid
450 3653 500 3699 aut
513 3643 599 3715 quale
621 3643 658 3700 sit
674 3642 755 3712 deus
772 3653 891 3700 auctore
912 3651 975 3700 utar
999 3644 1137 3709 Simo-29.

10 3738 118 3812 suide,
145 3737 187 3797 de
214 3755 275 3812 quo
302 3756 371 3796 cum
399 3737 587 3814 quaesivisset
615 3738 673 3797 hoc
699 3736 780 3796 idem
814 3748 953 3814 tyrannus
986 3738 1091 3811 Hiero,
