2504 4170
329 320 395 371 LIB.
407 322 428 372 1.
462 321 523 371 Car.
540 321 706 371 XVIII—XX.
741 321 771 384 §§
783 333 873 386 45·5²·
1084 319 1128 386 47

76 477 164 558 etiam
189 475 229 534 ad
250 484 432 534 venustatem
459 484 535 550 apta,
555 474 730 533 describere.
772 474 888 549 Quodsi
913 473 1045 533 omnium
1067 474 1128 531 ani-
1142 489 1168 529 ta

66 572 220 631 'mantium
234 573 358 630 sormam
371 571 460 629 vincit
474 571 600 630 hominis
614 572 714 646 figura,
729 570 802 629 deus
817 581 916 629 autem
930 572 1062 628 animans
1076 579 1129 642 est,

76 689 112 728 ea
125 671 219 745 figura
232 670 365 744 profecto
380 678 433 739 est,
448 686 523 743 quae
544 668 739 744 pulcherrima
753 670 789 726 sit
802 670 956 740 omnium;
977 669 1129 743 quoniam-

76 785 133 842 que
149 767 224 825 deos
237 766 419 825 beatissimos
434 784 497 823 esse
512 774 636 836 constat,
648 766 750 824 beatus
763 765 863 823 autem
878 783 942 823 esse
953 766 1015 823 sine
1026 767 1130 823 virtute

57 882 166 922 nemo
180 872 279 939 potest
291 881 348 921 nec
361 862 449 920 virtus
471 863 533 920 sine
546 863 657 921 ratione
680 873 813 920 constare
834 881 892 920 nec
912 863 985 921 ratio
1007 881 1130 937 usquam
1209 861 1211 865 ’

76 962 173 1018 inesse
188 960 245 1018 nisi
265 959 295 1018 in
309 959 435 1018 hominis
449 959 549 1035 figura,
565 959 691 1018 hominis
706 977 769 1017 esse
784 960 885 1034 specie
900 958 973 1017 deos
987 961 1130 1017 confiten-

76 1057 150 1116 dum
172 1067 226 1115 est.
268 1057 334 1115 Nec
348 1065 447 1114 tamen
461 1075 498 1114 ea
510 1057 624 1132 species
647 1074 753 1131 corpus
774 1065 827 1128 est,
843 1055 896 1115 sed
910 1057 994 1132 quasi
1015 1075 1131 1132 corpus,
1144 1069 1171 1110 ta

76 1153 241 1212 nechabet
261 1153 441 1228 sanguinem,
456 1152 509 1211 sed
524 1152 605 1228 quasi
626 1153 808 1227 sanguinem.
850 1154 937 1210 Haec
951 1171 1131 1228 quamquam
1139 1160 1176 1214 19
1202 1189 1206 1196 ν

77 1262 107 1311 et
121 1252 240 1310 inventa
260 1259 327 1308 sunt
350 1250 462 1307 acutius
478 1259 507 1306 et
521 1248 602 1307 dicta
623 1249 753 1307 subtilius
776 1250 814 1308 ab
837 1250 975 1324 Epicuro,
991 1268 1080 1324 quam
1102 1259 1133 1307 ut

57 1373 65 1401 ν
77 1348 171 1425 quivis
186 1367 223 1407 ea
235 1349 329 1423 possit
342 1365 510 1423 agnoscere,
524 1356 625 1404 tamen
645 1335 734 1404 fretus
755 1347 953 1421 intellegentia
966 1356 1060 1404 vestra
1074 1345 1132 1404 dis·

77 1465 143 1505 sero
166 1446 291 1516 brevius,
305 1463 394 1520 quam
419 1462 508 1502 causa
528 1442 684 1502 desiderat.
727 1445 872 1519 Epicurus
894 1454 1003 1515 autem,
1017 1444 1068 1518 qui
1089 1462 1134 1501 res
1229 1496 1240 1501 ..

78 1544 209 1603 occultas
224 1552 254 1601 et
267 1543 382 1617 penitus
397 1540 511 1600 abditas
532 1559 594 1599 non
614 1539 706 1599 modo
719 1540 824 1598 viderit
846 1541 955 1612 anim0,
970 1540 1024 1599 sed
1047 1542 1135 1609 utiam
1233 1555 1243 1575 ⁸

78 1641 120 1699 sic
135 1649 249 1710 tractet,
264 1649 296 1696 ut
309 1623 514 1710 manu,‘docet
527 1657 594 1696 eam
611 1656 676 1695 esse
690 1638 749 1695 vim
764 1647 794 1695 et
808 1647 940 1695 naturam
955 1612 1088 1709 deorurrss
1103 1647 1136 1696 ut
1202 1643 1229 1715 'j’

77 1738 207 1814 primum
220 1754 281 1794 non
301 1754 396 1807 sensu,
411 1718 465 1793 sed
482 1745 581 1793 mente
595 1745 748 1806 cematur3
770 1753 827 1792 nec
849 1735 993 1792 soliditate
1007 1726 1136 1810 quadam

57 1853 136 1900 snec
156 1832 195 1891 ad
212 1851 375 1903 numerum,
390 1841 423 1890 ut
444 1850 487 1902 ea,
503 1850 578 1907 quae
601 1833 647 1889 ille
670 1841 790 1906 propter
809 1832 975 1889 firmitatem
989 1831 1139 1907 στερέμνια

78 1930 217 2006 appellat,
239 1928 293 1987 sed
316 1929 490 2004 imaginibus
512 1927 699 1986 similitudine
722 1938 753 1985 et
779 1929 949 1986 transitione
980 1928 1137 2003 perceptis,

79 2047 149 2085 cum
164 2027 277 2084 infinita
290 2026 507 2083 simillumarum
528 2026 688 2101 imaginum
709 2025 797 2083 series
820 2043 858 2082 ex
879 2025 1138 2084 innumerabilibus

57 2128 61 2140 ¹
78 2123 237 2184 individuis
252 2123 355 2181 existat
368 2133 398 2180 et
411 2122 450 2181 ad
463 2141 518 2180 nos
533 2121 659 2195 adfluat;
674 2130 737 2179 tum
750 2122 883 2180 maximis
897 2122 1092 2197 voluptatibus
1107 2123 1138 2180 in

79 2241 129 2280 eas
144 2220 286 2296 imagines
300 2230 430 2278 mentem
451 2220 593 2277 intentam
617 2219 794 2294 infixamque
817 2229 946 2276 nostram
968 2220 1137 2294 intellegen-

57 2346 66 2373 ν
79 2320 151 2376 tiam
166 2335 282 2393 capere,
298 2335 373 2392 quae
387 2317 423 2373 sit
438 2326 467 2374 et
485 2317 572 2374 beata
592 2325 694 2373 natura
715 2325 744 2372 et
766 2325 893 2374 aetema.
935 2317 1054 2375 Summa
1067 2334 1136 2373 vero
1149 2339 1176 2379 ω

78 2417 121 2474 vis
136 2414 286 2474 infinitatis
305 2423 335 2472 et
355 2432 462 2489 magna
485 2431 521 2471 ac
542 2412 674 2488 diligenti
696 2413 945 2487 contemplatione
968 2412 1138 2488 dignissima

79 2524 133 2585 est,
145 2514 176 2571 in
187 2530 248 2587 qua
261 2511 388 2586 intellegi
402 2529 524 2569 necesse
539 2520 583 2568 est
598 2529 663 2568 eam
678 2528 742 2568 esse
756 2520 898 2581 naturam,
913 2520 945 2567 ut
959 2511 1059 2568 omnia
1072 2528 1137 2568 om-

77 2613 164 2671 nibus
192 2610 310 2686 paribus
343 2609 424 2684 paria
456 2607 665 2683 respondeant.
721 2609 812 2666 Hanc
841 2607 983 2683 ἰσονομίαν
1010 2609 1137 2682 appellat

79 2709 235 2785 Epicurus,
250 2706 281 2765 id
303 2717 346 2765 est
368 2706 551 2781 aequabilem
572 2705 770 2764 tributionem.
813 2706 860 2762 Ex
881 2703 937 2760 hac
959 2705 1044 2780 igitur
1065 2704 1136 2762 illud

57 2806 213 2876 eefficitur,
228 2805 252 2862 si
267 2803 432 2863 mortalium
446 2813 527 2862 tanta
540 2801 696 2860 multitudo
712 2802 757 2872 sit,
773 2818 837 2859 esse
863 2801 1058 2859 inmortalium
1075 2820 1136 2859 non

78 2905 235 2973 minorem,
257 2911 288 2960 et
309 2901 342 2972 si,
358 2919 433 2976 quae
455 2899 631 2969 interimant,
653 2898 875 2956 innumerabilia
896 2898 961 2968 sint,
979 2899 1068 2956 etiam
1090 2917 1135 2970 ea,

78 3019 155 3077 quae
180 3007 364 3069 conservent,
387 2997 500 3056 infinita
524 3015 586 3054 esse
612 2995 730 3054 debere.
773 2997 812 3052 Et
836 3012 976 3069 quaerere
999 3015 1017 3053 a
1040 2997 1134 3068 nobis,

79 3099 180 3168 Balbe,
193 3095 300 3166 soletis,
312 3113 387 3170 quae
401 3096 460 3152 vita
473 3093 597 3152 deorum
611 3093 656 3164 sit,
667 3109 803 3167 quaeque
818 3092 855 3149 ab
866 3092 900 3148 iis
910 3090 1033 3166 degatur
1045 3102 1134 3150 aetas.

78 3197 123 3252 Ea
136 3192 285 3264 videlicet,
301 3209 360 3266 qua
379 3191 450 3249 nihil
470 3190 592 3262 beatius,
610 3189 682 3247 nihil
703 3188 839 3248 omnibus
860 3188 945 3245 bonis
970 3188 1134 3247 affluentius
1147 3208 1171 3249 u
1220 3250 1223 3255 ,

57 3290 201 3366 >cogitari
215 3298 322 3364 potest.
365 3287 446 3345 Nihil
466 3288 545 3345 enim
559 3286 627 3362 agit,
642 3287 726 3344 nullis
749 3284 993 3358 occupationibus
1016 3295 1059 3343 est
1089 3285 1132 3342 in·

77 3388 212 3462 plicatus,
235 3385 313 3442 nulla
336 3396 427 3459 opera
448 3385 573 3455 molitur,
597 3401 649 3440 sua
672 3382 815 3458 sapientia
839 3391 869 3439 et
890 3382 993 3439 virtute
1016 3383 1133 3457 gaudet,

76 3482 167 3543 habet
181 3480 364 3557 exploratum
378 3482 438 3539 sore
453 3499 484 3538 se
499 3498 616 3554 semper
629 3498 697 3536 cum
711 3479 741 3536 in
762 3478 904 3548 maximis,
920 3487 982 3535 tum
997 3479 1027 3536 in
1041 3489 1132 3536 aeter·

76 3581 122 3639 nis
136 3578 343 3654 voluptatibus.
386 3578 477 3635 Hunc
499 3576 588 3634 deum
610 3577 662 3633 rite
685 3575 804 3634 beatum
824 3573 990 3646 dixerimus,
1005 3585 1131 3633 vestrum
1140 3550 1177 3655 25}
1239 3628 1245 3653 ,

76 3695 147 3736 vero
171 3674 439 3734 laboriosissimum.
482 3673 546 3732 Sive
562 3673 640 3729 enim
661 3673 724 3747 ipse
745 3670 872 3729 mundus
895 3670 968 3728 deus
993 3681 1046 3742 est,
1061 3671 1132 3746 quid

57 3781 177 3850 rpotest
199 3788 264 3830 esse
285 3770 381 3829 minus
395 3770 526 3846 quietum
540 3786 629 3844 quam
648 3768 728 3827 nullo
749 3775 861 3844 puncto
883 3768 1023 3843 temporis
1046 3769 1131 3826 iuter-
