2504 4170
337 258 404 308 LIB.
420 258 456 309 11.
488 257 549 308 Car.
564 259 742 309 LXI-LXIII.
777 260 943 326 §5152-159.
1108 262 1169 327 129

57 470 59 479 ,
100 408 261 471 hominurn
282 411 419 489 putanda
438 423 514 472 sunt.
557 414 623 470 Iam
644 431 713 471 vero
734 413 902 472 circumitus
930 413 998 472 solis
1026 422 1056 471 et
1082 414 1212 472 lunaeur

102 509 349 586 reliquorumque
363 509 500 582 siderum,
516 528 695 586 quamquam
716 512 804 569 etiam
824 510 864 568 ad
885 511 987 569 mundi
1009 512 1167 569 cohaeren-

104 606 174 664 tiam
202 608 367 683 pertinent,
395 615 492 664 tamen
521 616 551 665 et
578 608 778 682 spectaculum
806 607 972 665 hominibus
1007 608 1167 682 praebent;

105 704 184 762 nulla
198 715 244 763 est
259 705 343 762 enim
357 704 544 762 insatiabilior
565 705 689 780 species,
704 705 783 761 nulla
803 703 951 779 pulchrior
971 714 1001 761 et
1021 703 1060 761 ad
1081 705 1166 762 ratio-

81 820 176 864 suem
198 801 419 876 sollertiamque
443 801 635 877 praestantior
640 821 650 873 3
677 818 777 858 eorum
800 801 880 858 enim
907 819 1008 858 cursus
1036 801 1168 859 dimetati

107 899 290 956 maturitates
304 908 473 973 temporum
488 907 518 955 et
531 897 684 955 varietates
701 898 935 971 mutationesque
957 899 1166 972 cognovimus;

109 1013 183 1069 quae
205 995 231 1053 si
252 994 422 1053 hominibus
443 995 512 1052 solis
533 1005 604 1052 nota
625 1003 701 1065 sunt,
723 993 876 1051 hominum
898 994 974 1051 facta
995 1011 1059 1051 esse
1081 1013 1168 1052 causa

108 1090 303 1150 iudicandum
319 1100 374 1149 est.
414 1091 506 1149 Terra
518 1110 587 1149 vero
608 1091 668 1148 feta
688 1091 816 1166 frugibus
838 1101 867 1148 et
887 1091 967 1148 vario
988 1091 1167 1166 leguminum
1175 1108 1212 1149 loo

110 1206 228 1263 genere,
250 1205 418 1262 quaecum
439 1206 577 1246 maxuma
597 1188 726 1262 largitate
755 1187 859 1259 fundit,
882 1206 918 1245 ea
945 1187 1108 1245 ferarumne
1130 1207 1168 1246 an

77 1285 372 1342 10hominumcausa
392 1284 512 1360 gignere
531 1283 667 1343 videtur?
708 1284 789 1358 Quid
810 1285 849 1342 de
871 1285 975 1343 vitibus
997 1285 1167 1359 olivetisque

111 1380 231 1439 dicam?
251 1399 377 1457 quarum
391 1381 538 1440 uberrumi
551 1381 766 1456 laetissumique
782 1382 890 1439 fructus
904 1382 1110 1439 nihilomnino
1130 1381 1169 1439 ad

109 1478 218 1536 bestias
232 1479 391 1554 pertinent.
434 1477 540 1553 Neque
555 1477 634 1535 enirn
649 1477 767 1536 serendi
781 1496 878 1552 neque
894 1478 1010 1535 colendi
1024 1497 1081 1536 nec
1095 1489 1168 1535 tem-

110 1575 223 1650 pestive
244 1573 418 1633 demetendi
438 1573 679 1650 percipiendique
702 1575 810 1633 fructus
838 1593 935 1649 neque
963 1575 1112 1633 condendi
1133 1594 1168 1633 ac

110 1670 276 1748 reponendi
289 1670 349 1729 ulla
362 1669 513 1746 pecudum
529 1671 651 1728 scientia
671 1681 724 1743 est,
740 1689 897 1746 earumque
919 1672 1051 1730 omnium
1071 1690 1167 1729 rerum

77 1768 265 1833 xshomlnum
278 1776 324 1826 est
339 1776 369 1826 et
389 1786 458 1826 usus
479 1776 509 1826 et
529 1786 608 1825 cura.
649 1769 692 1828 Ut
712 1766 787 1827 fides
805 1769 890 1843 igitur
909 1778 940 1826 et
960 1769 1044 1827 tibias
1065 1737 1212 1844 eorum&

111 1884 201 1924 causa
214 1865 307 1923 factas
321 1863 484 1923 dicendum
499 1874 552 1935 est,
567 1865 617 1940 qui
631 1865 684 1923 illis
699 1866 741 1923 uti
754 1874 884 1940 possent,
896 1866 937 1923 sic
952 1883 996 1935 ea,
1008 1884 1083 1940 quae
1098 1865 1167 1936 dixi,

111 1962 145 2021 iis
161 1963 231 2021 solis
252 1960 458 2020 confitendum
479 1971 523 2020 est
544 1980 609 2020 esse
630 1972 739 2037 parata,
754 1963 804 2036 qui
816 1971 952 2033 utuntur,
967 1981 1032 2033 nec,
1048 1963 1072 2020 si
1093 1979 1168 2037 quae

110 2059 224 2118 bestiae
238 2058 369 2116 furantur
382 2056 493 2133 aliquid
507 2076 544 2116 ex
557 2059 591 2116 iis
606 2068 655 2117 aut
669 2060 793 2134 rapiunt,
809 2058 921 2116 illarum
940 2077 1058 2132 quoque
1080 2077 1169 2116 causa

112 2175 148 2215 ea
160 2167 233 2215 nata
246 2173 311 2214 esse
325 2155 470 2214 dicemus.
512 2157 618 2231 Neque
634 2145 714 2214 enim
728 2156 862 2213 homines
877 2174 993 2213 murum
1007 2165 1056 2212 aut
1070 2156 1167 2213 formi-

76 2276 101 2304 ω
113 2271 215 2311 carum
229 2270 320 2311 causa
333 2253 512 2311 frumentum
526 2252 668 2325 condunt,
684 2251 737 2310 sed
752 2253 911 2327 coniugum
926 2262 956 2308 et
969 2252 1125 2310 liberorum
1140 2262 1169 2310 et

111 2349 286 2408 familiarum
314 2367 442 2408 suarum.
485 2350 588 2425 Itaque
609 2349 720 2408 bestiae
746 2349 851 2420 furtim,
873 2359 906 2406 ut
934 2349 1003 2418 dixi,
1025 2349 1167 2418 fruuntur,

112 2447 227 2506 domini
253 2446 353 2522 palam
381 2455 412 2504 et
437 2446 537 2505 libere.
579 2447 746 2504 Hominum
773 2446 859 2521 igitur
886 2464 975 2502 causa
999 2464 1048 2502 eas
1072 2464 1168 2502 rerum
1176 2463 1214 2506 1⁵8

113 2544 216 2620 copias
229 2551 416 2619 comparatas
430 2541 581 2601 fatendum
597 2553 648 2614 est,
664 2543 719 2600 nisi
735 2543 807 2600 forte
823 2552 904 2600 tanta
917 2541 1033 2599 ubertas
1047 2551 1077 2599 et
1096 2543 1168 2599 vari-

114 2651 176 2699 etas
203 2658 363 2716 pomorum
388 2657 548 2714 eorumque
577 2638 721 2697 iucundus
743 2657 804 2696 non
832 2648 961 2714 gustatus
990 2638 1093 2710 solum,
1116 2639 1170 2697 sed

76 2764 101 2804 ,ς
113 2736 253 2796 odoratus
268 2737 357 2794 etiam
371 2746 401 2795 et
414 2746 550 2811 aspectus
565 2735 778 2794 dubitationem
792 2735 893 2807 adfert,
914 2736 984 2810 quin
1004 2737 1169 2794 hominibus

114 2834 183 2893 solis
197 2852 234 2892 ea
246 2843 351 2892 natura
364 2831 525 2892 donaverit.
565 2834 753 2907 Tantumque
769 2833 859 2904 abest,
875 2841 907 2889 ut
921 2832 995 2890 haec
1012 2834 1169 2891 bestiamm

114 2931 203 2990 etiam
217 2949 308 2988 causa
320 2939 421 3005 parata
435 2930 500 3000 sint,
517 2940 548 2988 ut
561 2930 638 3005 ipsas
652 2931 759 2988 bestias
775 2929 926 2987 hominum
940 2930 1033 3004 gratia
1050 2949 1170 3005 genera·

113 3038 158 3086 tas
185 3044 251 3086 esse
277 3026 440 3086 videamus.
483 3025 564 3100 Quid
591 3027 671 3084 enim
695 3045 765 3084 oves
788 3025 866 3083 aliud
891 3026 1034 3099 adserunt,
1057 3027 1112 3084 nisi
1139 3036 1171 3083 ut

114 3143 216 3184 earum
229 3123 304 3183 villis
318 3123 462 3181 confectis
477 3134 563 3198 atque
579 3124 722 3182 contextis
743 3123 877 3181 homines
898 3125 1076 3182 vestiantur?
1096 3143 1170 3198 quae

76 3248 102 3288 ³0
114 3221 237 3298 quidem
251 3239 351 3296 neque
365 3220 402 3278 ali
416 3238 512 3294 neque
532 3221 686 3278 sustentari
707 3239 803 3295 neque
825 3220 914 3277 ullum
936 3221 1062 3278 fructum
1084 3220 1171 3278 edere

114 3337 197 3378 exse
211 3318 276 3378 sine
291 3318 373 3375 cultu
387 3316 541 3375 hominum
555 3327 584 3374 et
600 3317 748 3375 curatione
764 3317 936 3391 potuissent.
973 3319 1088 3376 Canum
1102 3336 1172 3375 vero

113 3427 174 3476 tam
188 3415 250 3476 fida
266 3413 405 3474 custodia
425 3423 543 3488 tamque
564 3433 665 3472 amans
687 3414 874 3472 dominorum
895 3413 1024 3472 adulatio
1045 3425 1171 3472 tantum-

115 3533 172 3591 que
193 3513 301 3573 odium
323 3512 354 3570 in
375 3522 512 3570 externos
533 3521 643 3570 ettam
668 3510 844 3568 incredibilis
872 3509 910 3567 ad
938 3511 1172 3585 investigandum

115 3613 259 3688 sagacitas
272 3609 398 3679 narium,
413 3617 494 3666 tanta
507 3608 638 3666 alacritas
652 3609 682 3665 in
696 3607 832 3664 venando
847 3606 917 3680 quid
937 3608 1080 3681 significat
1094 3607 1172 3665 aliud

78 3730 103 3773 aa
115 3708 169 3769 nisi
186 3726 220 3768 se
242 3704 285 3767 ad
306 3703 462 3764 hominum
483 3703 709 3763 commoditates
730 3721 795 3762 esse
815 3703 990 3778 generatos?
1032 3701 1112 3777 Quid
1134 3701 1171 3760 de
1179 3715 1217 3758 rra
