2504 4170
108 197 152 259 80
436 211 485 259 oe
506 211 651 261 narum
674 210 833 261 osonum.

107 363 339 439 religionumque
374 365 541 422 sanctitates
576 365 717 422 exsistunt
751 365 781 422 in
815 364 878 422 dies
914 362 1044 422 maiores
1081 370 1166 438 atque

76 462 251 532 smeliores,
282 461 370 535 idque
399 463 496 518 evenit
523 479 584 518 non
612 471 722 518 temere
750 479 808 518 nec
835 479 914 532 casu,
943 459 999 518 sed
1028 458 1112 534 quod
1139 468 1166 517 et

107 569 274 634 praesentes
296 576 384 632 saepe
406 557 437 615 di
458 559 516 615 vim
537 576 619 615 suam
641 558 798 627 declarant,
819 568 850 614 ut
871 568 900 615 et
918 556 1001 631 apud
1020 557 1165 631 Regillum

109 655 186 714 bello
216 656 393 725 Latinorum,
423 672 492 711 cum
519 657 554 712 A.
588 656 752 712 Postumius
787 653 913 711 dictator
940 671 1012 710 cum
1041 653 1164 711 Octavio

110 753 242 810 Mamilio
256 751 424 809 Tusculano
439 751 550 825 proelio
571 750 733 822 dimicaret,
755 752 784 808 in
805 761 904 809 nostra
924 751 988 807 acie
1011 750 1119 809 Castor
1138 759 1189 806 ets

110 849 211 906 Pollux
232 868 269 905 ex
289 849 371 923 equis
392 866 520 922 pugnare
542 849 593 905 visi
609 858 684 918 sunt,
699 858 728 905 et
743 848 903 905 recentiore
918 847 1063 904 memoria
1077 846 1164 905 iidem

107 945 292 1020 Tyndaridae
322 948 439 1002 Persem
467 946 576 1003 victum
604 946 816 1003 nuntiaverunt.
860 946 891 1002 P.
917 944 998 1022 enim
1022 944 1163 1014 Vatinius,

108 1061 178 1101 avus
203 1043 288 1100 huius
315 1041 519 1113 adulescentis
544 1060 613 1099 cum
636 1060 652 1099 e
678 1043 860 1116 praefectura
885 1041 1012 1098 Reatina
1037 1042 1164 1099 Romam

107 1141 235 1197 venienti
259 1151 349 1197 noctu
374 1138 435 1196 duo
460 1140 578 1197 iuvenes
603 1157 672 1196 cum
697 1139 779 1212 equis
804 1139 875 1196 albis
898 1137 1041 1194 dixissent
1066 1156 1165 1212 regem

109 1238 226 1294 Persem
254 1237 302 1294 illo
331 1236 378 1294 die
412 1239 540 1310 captum,
572 1237 684 1294 senatui
717 1236 877 1307 nuntiavit;
900 1245 930 1292 et
957 1235 1054 1308 primo
1084 1228 1195 1309 quasin

107 1344 217 1391 temere
233 1333 271 1391 de
286 1352 315 1390 re
331 1334 448 1408 publica
461 1335 574 1391 locutus
590 1335 619 1391 in
641 1352 788 1390 carcerem
810 1333 962 1390 coniectus
983 1342 1037 1401 est,
1060 1342 1130 1407 post
1149 1350 1166 1389 a

109 1432 199 1488 Paulo
221 1431 319 1488 litteris
340 1431 430 1488 allatis
446 1450 513 1488 cum
528 1430 608 1488 idem
623 1430 685 1488 dies
700 1431 884 1500 constitisset,
901 1439 931 1486 et
944 1447 1014 1504 agro
1030 1448 1049 1486 a
1062 1440 1165 1487 senatu

108 1539 138 1586 et
151 1529 303 1587 vacatione
319 1528 443 1585 donatus
458 1538 511 1586 est.
553 1531 649 1602 Atque
672 1530 760 1586 etiam
775 1547 843 1585 cum
857 1527 896 1584 ad
911 1526 1031 1584 fluvium
1046 1527 1166 1602 Sagram

109 1626 293 1684 Crotoniatas
322 1626 408 1683 Locri
436 1626 563 1682 maximo
591 1627 702 1699 proelio
730 1624 914 1694 devicissent,
949 1641 987 1681 eo
1022 1624 1090 1700 ipso
1119 1624 1166 1682 die

108 1722 237 1780 auditam
255 1740 318 1780 esse
338 1741 403 1779 eam
422 1740 552 1796 pugnarn
571 1722 646 1780 ludis
662 1723 815 1797 Olympiae
833 1722 992 1779 memoriae
1013 1721 1166 1796 proditum
1178 1745 1196 1784 rr

109 1828 161 1877 est.
204 1820 296 1893 Saepe
312 1821 478 1877 Faunorum
492 1838 581 1877 voces
596 1819 758 1890 exauditae,
773 1838 862 1894 saepe
873 1819 950 1876 visae
965 1818 1078 1876 formae
1094 1818 1166 1877 deo·

108 1934 173 1973 rum
187 1914 318 1990 quemvis
333 1935 393 1974 non
407 1927 456 1973 aut
470 1917 607 1973 hebetem
622 1927 671 1973 aut
688 1917 810 1991 impium
825 1917 897 1974 deos
916 1927 1088 1990 praesentes
1103 1935 1166 1975 esse

75 2001 94 2108 ξ
111 2013 242 2071 confiteri
258 2014 423 2088 co'e'gerunt.
468 2013 683 2071 Praedictiones
697 2032 765 2071 vero
781 2024 809 2071 et
826 2014 1047 2088 praesensiones
1068 2032 1167 2072 rerum

108 2109 266 2168 suturarum
294 2109 366 2184 quid
393 2110 472 2167 aliud
498 2110 647 2168 declarant
675 2112 729 2168 nisi
765 2111 930 2168 hominibus
965 2128 1002 2167 ea
1035 2111 1166 2183 ostendi,

13 2234 15 2238 v
109 2208 269 2279 monstrari,
299 2207 443 2281 portendi,
468 2207 619 2282 praedici?
646 2227 683 2266 ex
710 2226 769 2282 quo
798 2208 845 2265 illa
871 2217 994 2277 ostenta,
1023 2219 1199 2280 monstra„

108 2314 252 2377 portenta,
267 2303 399 2378 prodigia
413 2304 558 2362 dicuntur.
602 2305 716 2378 Quodsi
734 2324 769 2362 ea
790 2306 858 2362 ficta
878 2304 1025 2361 credimus
1047 2305 1178 2366 licentia·

109 2399 279 2473 fabularum,
315 2403 463 2476 Mopsum,
504 2403 655 2473 Tiresiam,
698 2403 916 2477 Amphiaraum,
960 2400 1165 2474 Calchantem,

110 2497 270 2570 Helenum,
305 2516 380 2573 quos
414 2509 512 2556 tamen
546 2517 669 2573 augures
704 2518 742 2557 ne
778 2500 858 2574 ipsae
893 2498 1013 2573 quidem
1050 2498 1166 2557 fabulae

109 2593 307 2665 adscivissent,
330 2595 354 2652 si
379 2614 424 2653 res
446 2596 566 2653 omnino
589 2596 763 2671 repudiaret,
788 2615 826 2654 ne
849 2595 1019 2654 domesticis
1042 2595 1167 2670 quidem

109 2693 250 2766 exemplis
268 2691 349 2749 docti
365 2710 476 2749 numen
496 2691 621 2750 deorum
642 2694 910 2768 conprobabimus?
951 2691 1032 2750 Nihil
1053 2711 1109 2752 nos
1133 2696 1164 2753 P.
1177 2717 1199 2757 ις

110 2787 225 2847 Claudii
245 2788 322 2846 bello
345 2789 456 2846 Punico
477 2789 571 2863 primo
593 2792 738 2848 temeritas
760 2791 909 2847 movebit?
929 2790 980 2864 qui
1000 2790 1091 2847 etiam
1113 2809 1167 2866 per

109 2884 208 2942 iocum
223 2884 297 2942 deos
311 2883 448 2955 inridens,
464 2904 531 2943 cum
549 2904 640 2943 cavea
660 2886 770 2945 liberati
791 2887 860 2961 pulli
882 2905 942 2944 non
964 2897 1164 2961 pascerentur,

110 2981 201 3056 mergi
223 2999 275 3040 eos
297 2981 328 3038 in
348 2998 455 3055 aquarn
471 2983 559 3052 iussit,
580 2992 611 3040 ut
632 2983 774 3055 biberent,
795 2984 934 3058 quoniam
954 3001 1017 3041 esse
1042 2982 1164 3042 nollent.

111 3078 169 3152 Qui
190 3079 262 3136 risus
284 3076 375 3134 classe
397 3076 512 3136 devicta
533 3079 637 3137 multas
656 3079 711 3154 ipsi
730 3081 871 3151 lacrimas,
894 3098 1031 3155 magnam
1051 3080 1165 3155 populo

110 3175 247 3233 Romano
275 3173 390 3232 cladem
417 3176 519 3234 attulit.
563 3175 665 3250 Quid?
692 3178 805 3252 collega
832 3178 894 3235 eius
924 3177 1025 3234 Iunius
1053 3176 1164 3234 eodem
1177 3201 1201 3240 »ο

109 3272 187 3330 bello
214 3290 314 3330 nonne
350 3282 524 3346 tempestate
560 3274 684 3330 classem
711 3275 814 3343 amisit,
843 3293 912 3332 cum
939 3273 1075 3348 auspiciis
1103 3291 1165 3331 non

109 3369 271 3444 paruisset?
312 3371 415 3442 Itaque
431 3369 570 3427 Claudius
585 3388 603 3426 a
621 3370 731 3444 populo
751 3370 965 3427 condemnatus
987 3378 1040 3440 est,
1063 3370 1166 3428 Iunius

78 3484 215 3523 snecem
243 3466 298 3525 sibi
326 3467 388 3540 ipse
416 3467 566 3524 conscivit.
609 3467 644 3524 C.
676 3467 849 3524 Flaminium
878 3467 996 3525 Coelius
1023 3466 1164 3540 religione

109 3563 244 3638 neglecta
267 3562 410 3621 cecidisse
434 3562 514 3637 apud
537 3563 751 3620 Trasumenum
775 3563 874 3620 scribit
897 3580 966 3619 cum
991 3580 1099 3636 magno
1123 3562 1165 3620 rei

108 3659 244 3738 publicae
278 3660 405 3737 vulnere.
466 3658 601 3735 Quorum
634 3658 723 3736 exitio
759 3658 887 3736 intellegi
924 3667 1023 3733 potest
1061 3677 1203 3737 eorum„
