2504 4170
302 270 367 320 LIB.
384 271 420 320 11.
453 270 515 320 Car,
530 270 704 320 LVI-LVIII.
739 271 769 335 §§
785 281 904 336 140-145.
1070 268 1128 336 125

63 432 216 483 verterent
227 444 237 498 3
261 424 398 499 aciesque
422 423 494 500 ipsa,
513 443 573 500 qua
595 424 751 496 cernimus,
772 443 847 499 quae
869 424 980 499 pupula
1001 433 1130 496 vocatur,

65 522 106 580 ita
120 540 213 597 parva
228 531 284 593 est,
299 530 332 579 ut
345 539 389 592 ea,
405 539 480 596 quae
501 539 609 579 nocere
631 522 752 597 possint,
768 522 851 579 facile
866 522 945 591 vitet,
961 521 1130 595 palpebrae·

66 637 135 694 que,
151 637 230 694 quae
247 628 315 677 sunt
329 628 478 693 tegmenta
491 619 653 690 oculorum,
670 619 853 676 mollissimae
869 627 959 689 tactu,
974 635 1011 675 ne
1034 618 1130 676 laede-

66 726 134 774 rent
155 717 264 786 aciem,
279 716 428 789 aptissime
450 715 544 772 factae
559 715 641 773 etad
659 714 838 772 claudendas
859 716 992 790 pupulas,
1008 734 1044 773 ne
1060 715 1131 790 quid

68 811 225 883 incideret,
248 821 279 869 et
301 811 341 869 ad
363 811 544 886 aperiendas,
566 811 656 886 idque
679 811 806 886 providit
827 821 859 869 ut
883 812 1046 870 identidem
1070 813 1132 870 lieri

68 918 172 984 posset
200 927 271 966 cum
300 909 427 965 maxima
454 909 611 966 celeritate.
661 909 852 983 Munitaeque
881 920 947 967 sunt
974 910 1130 984 palpebrae
1139 919 1175 960 118

68 1016 223 1081 tamquam
244 1006 320 1062 vallo
341 1006 475 1079 pilorum,
490 1005 595 1080 quibus
616 1014 646 1062 et
667 1006 774 1079 apertis
798 1005 898 1076 oculiS,
919 1007 943 1064 si
966 1007 1037 1080 quid
1060 1008 1130 1064 inci·

70 1103 165 1174 deret,
180 1103 378 1178 repelleretur,
399 1112 429 1160 et
449 1120 554 1160 somno
575 1102 787 1173 coniventibus,
810 1121 879 1160 cum
899 1104 990 1161 oculis
1010 1103 1048 1161 ad
1070 1122 1131 1161 cer·

68 1198 206 1258 nendum
220 1218 282 1257 non
298 1216 459 1274 egeremus,
472 1209 502 1256 ut
517 1198 536 1254 ii
553 1208 703 1272 tamquam
715 1198 836 1255 involuti
851 1199 1042 1271 quiescerent.
1077 1203 1131 1260 La-

70 1306 134 1354 tent
154 1305 308 1371 praeterea
328 1296 436 1352 utiliter
456 1304 486 1352 et
507 1295 628 1351 excelsis
652 1294 782 1369 undique
805 1295 933 1368 partibus
955 1299 1130 1372 saepiuntur.

75 1395 209 1453 Primum
223 1394 304 1451 enim
318 1394 467 1468 superiora
480 1393 641 1466 superciliis
657 1393 787 1450 obducta
802 1394 939 1450 sudorem
958 1413 975 1450 a
996 1396 1091 1469 capite
1107 1406 1136 1452 et

75 1492 172 1550 fronte
195 1490 376 1549 defluentem
398 1489 560 1563 repellunt,
586 1507 679 1564 genae
703 1489 811 1547 deinde
837 1491 874 1547 ab
897 1492 1030 1549 inferiore
1055 1503 1136 1566 parte

59 1598 209 1647 .tutantur
228 1587 379 1646 subiectae
402 1587 562 1660 leniterque
586 1587 748 1644 eminentes
760 1608 768 1658 3
791 1606 936 1661 nasusque
961 1589 1001 1646 ita
1024 1589 1136 1648 locatus

76 1696 132 1757 est,
151 1695 184 1743 ut
205 1684 290 1760 quasi
313 1702 411 1741 murus
435 1683 527 1741 oculis
551 1684 719 1742 interiectus
744 1703 807 1742 esse
830 1684 970 1743 videatur.
1011 1688 1181 1746 Auditusur

59 1793 178 1843 ¹‚autem
200 1798 319 1857 semper
340 1788 420 1854 patet
430 1800 439 1852 3
465 1780 527 1837 eius
550 1781 629 1838 enim
650 1799 736 1839 sensu
758 1781 846 1838 etiam
869 1780 1047 1840 dormientes
1069 1802 1135 1858 ege-

76 1898 163 1951 mus3
185 1896 278 1953 aquo
292 1895 362 1935 cum
376 1894 465 1935 sonus
479 1886 523 1934 est
537 1887 685 1952 acceptus,
700 1878 789 1935 etiam
810 1896 826 1935 e
848 1896 953 1936 somno
967 1881 1136 1940 excitamur.

78 1977 259 2036 Flexuosum
280 1975 336 2032 iter
356 1973 453 2044 babet,
468 1991 506 2031 ne
522 1973 592 2048 quid
613 1975 718 2032 intrare
742 1976 842 2049 possit,
858 1975 881 2032 si
904 1976 1027 2049 simplex
1041 1987 1070 2034 et
1084 1978 1136 2034 de·

76 2084 194 2133 rectum
217 2081 350 2148 pateret,
379 2071 527 2146 provisum
553 2071 650 2143 etiam,
674 2080 715 2141 ut,
740 2072 764 2129 si
789 2090 848 2146 qua
871 2072 992 2128 minima
1015 2074 1138 2131 bestiola

77 2179 236 2231 conaretur
254 2169 430 2243 inrumpere,
446 2168 477 2225 in
498 2166 632 2226 sordibus
655 2168 767 2225 aurium
790 2179 941 2242 tamquam
955 2169 985 2225 in
999 2171 1079 2227 visco
1093 2172 1136 2228 in-

59 2269 275 2327 >haeresceret
318 2267 409 2324 Extra
431 2275 530 2323 autem
554 2265 685 2322 eminent
704 2283 779 2339 quae
801 2267 982 2340 appellantur
1002 2284 1084 2324 aures
1108 2278 1138 2324 et

79 2364 202 2440 tegendi
224 2381 315 2422 causa
336 2363 431 2420 factae
454 2361 626 2436 tutandique
650 2380 760 2433 sensus,
780 2372 809 2419 et
831 2380 869 2419 ne
894 2362 1027 2420 adiectae
1048 2382 1137 2422 voces

78 2462 247 2521 laberentur
260 2470 349 2535 atque
363 2469 498 2530 errarent,
513 2459 591 2534 prius
606 2477 695 2534 quam
710 2477 811 2517 sensus
827 2460 864 2516 ab
878 2460 912 2516 iis
930 2460 1029 2534 pulsus
1051 2472 1136 2519 esset.

80 2558 140 2618 Sed
162 2558 253 2617 duros
274 2566 304 2615 et
326 2557 408 2632 quasi
430 2557 583 2614 corneolos
609 2556 717 2614 habent
741 2557 872 2613 introitus
894 2557 1048 2631 multisque
1069 2577 1137 2615 cum

80 2656 214 2726 flexibus,
230 2654 312 2730 quod
334 2653 378 2712 his
402 2655 510 2711 naturis
531 2652 636 2710 relatus
657 2653 849 2727 amplificatur
871 2671 979 2725 sonus;
1001 2656 1138 2729 quocirca

59 2763 112 2813 ret
125 2752 162 2811 in.
170 2752 278 2812 fidibus
292 2750 438 2811 testudine
453 2761 604 2809 resonatur
621 2760 671 2807 aut
692 2769 793 2820 cornu,
808 2761 837 2807 et
859 2768 895 2807 ex
916 2753 1051 2809 tortuosis
1066 2753 1137 2809 locis

82 2859 113 2908 et
125 2849 246 2908 inclusis
259 2849 328 2907 soni
339 2848 499 2907 referuntur
512 2848 677 2923 ampliores.
721 2848 856 2906 Similiter
869 2865 961 2915 nares,
971 2867 1046 2922 quae
1061 2867 1136 2906 sem-
1146 2863 1183 2902 rra

82 2964 136 3023 per
157 2955 279 3022 propter
302 2945 480 3005 necessarias
504 2946 640 3004 utilitates
665 2956 775 3021 patent,
798 2945 1005 3002 contractiores
1030 2946 1139 3002 habent

84 3044 226 3116 introitus,
241 3060 280 3101 ne
295 3041 368 3118 quid
389 3042 419 3100 in
441 3061 499 3115 eas,
515 3041 596 3117 quod
618 3053 734 3113 noceat,
757 3043 848 3117 possit
871 3042 1039 3115 pervadere,
1055 3060 1137 3099 umo-

83 3157 204 3216 remque
218 3157 336 3216 semper
353 3138 464 3198 habent
482 3138 521 3197 ad
542 3139 691 3214 pulverem
715 3141 863 3213 multaque
886 3139 942 3195 alia
964 3139 1139 3213 depellenda

59 3255 143 3295 anon
162 3237 306 3297 inutilem.
349 3236 489 3296 Gustatus
509 3237 655 3311 praeclare
671 3247 788 3311 saeptus
810 3247 853 3294 est
864 3256 872 3307 ;
895 3254 945 3292 ore
967 3237 1046 3293 enim
1068 3253 1138 3292 con-

85 3335 191 3393 tinetur
204 3344 234 3393 et
248 3333 288 3394 ad
302 3352 389 3391 usum
402 3343 471 3408 apte
486 3343 516 3391 et
529 3333 568 3391 ad
583 3334 788 3391 incolumitatis
804 3332 978 3390 custodiam.
1022 3333 1138 3390 Omnis-

87 3448 141 3507 que
168 3450 272 3491 sensus
307 3429 462 3488 hominum
496 3431 587 3487 multo
622 3431 770 3487 antecellit
804 3429 935 3486 sensibus
971 3430 1138 3487 bestiarum.

88 3528 212 3588 Primum
226 3528 309 3587 enim
324 3527 403 3585 oculi
423 3527 454 3584 in
476 3526 509 3584 iis
531 3527 647 3597 artibuS,
664 3545 786 3601 quarum
808 3525 949 3582 iudicium
974 3535 1017 3582 est
1039 3526 1138 3582 oculo·
1148 3528 1183 3582 58

89 3642 155 3699 rum,
169 3627 200 3686 in
213 3624 312 3703 pictis,
328 3624 404 3682 fictis
418 3624 594 3698 caelatisque
614 3625 721 3693 formis,
737 3624 766 3679 in
789 3640 945 3696 corporum
967 3623 1052 3679 etiam
1077 3640 1138 3677 mo-

60 3719 161 3783 suone
180 3733 272 3802 atque
295 3729 380 3799 gestu
406 3719 497 3777 multa
521 3729 644 3777 cernunt
668 3718 800 3777 subtilius
810 3738 819 3790 3
841 3717 973 3774 colorum
998 3717 1084 3774 etiam
1111 3734 1139 3773 et
