<?xml version="1.0" encoding="UTF-8"?>
<!DOCTYPE html PUBLIC "-//W3C//DTD XHTML 1.0 Transitional//EN"
    "http://www.w3.org/TR/xhtml1/DTD/xhtml1-transitional.dtd">
<html xmlns="http://www.w3.org/1999/xhtml" xml:lang="en" lang="en">
 <head>
  <title>
</title>
<meta http-equiv="Content-Type" content="text/html;charset=utf-8" />
  <meta name='ocr-system' content='tesseract 3.04.00' />
  <meta name='ocr-capabilities' content='ocr_page ocr_carea ocr_par ocr_line ocrx_word'/>
</head>
<body>
  <div class='ocr_page' id='page_1' title='image "./mtulliiciceroni01schgoog_0060.png"; bbox 0 0 2504 4170; ppageno 0'>
   <div class='ocr_carea' id='block_1_1' title="bbox 348 292 1161 359">
    <p class='ocr_par' dir='ltr' id='par_1_1' title="bbox 348 292 1161 359">
     <span class='ocr_line' id='line_1_1' title="bbox 348 292 1161 359; baseline -0.002 -17"><span class='ocrx_word' id='word_1_1' title='bbox 348 293 412 343; x_wconf 78' lang='lat' dir='ltr'><strong>mn.</strong></span> <span class='ocrx_word' id='word_1_2' title='bbox 430 295 451 343; x_wconf 88' lang='lat'><strong>1.</strong></span> <span class='ocrx_word' id='word_1_3' title='bbox 485 294 768 353; x_wconf 51' lang='lat' dir='ltr'><strong>cruxxrrrmxrv.</strong></span> <span class='ocrx_word' id='word_1_4' title='bbox 803 296 833 358; x_wconf 67' lang='lat'><strong>§5</strong></span> <span class='ocrx_word' id='word_1_5' title='bbox 846 294 935 359; x_wconf 88' lang='lat'>61-67.</span> <span class='ocrx_word' id='word_1_6' title='bbox 1124 292 1161 358; x_wconf 81' lang='lat'><strong>5¹</strong></span> 
     </span>
    </p>
   </div>
   <div class='ocr_carea' id='block_1_2' title="bbox 105 444 1165 813">
    <p class='ocr_par' dir='ltr' id='par_1_2' title="bbox 105 444 1165 813">
     <span class='ocr_line' id='line_1_2' title="bbox 106 444 1165 522; baseline -0.001 -17"><span class='ocrx_word' id='word_1_7' title='bbox 106 447 250 507; x_wconf 91' lang='lat' dir='ltr'><strong>contione</strong></span> <span class='ocrx_word' id='word_1_8' title='bbox 278 448 433 506; x_wconf 88' lang='lat' dir='ltr'><strong>combusti.</strong></span> <span class='ocrx_word' id='word_1_9' title='bbox 476 449 522 505; x_wconf 88' lang='lat' dir='ltr'><strong>Ex</strong></span> <span class='ocrx_word' id='word_1_10' title='bbox 545 466 606 522; x_wconf 92' lang='lat' dir='ltr'><strong>quo</strong></span> <span class='ocrx_word' id='word_1_11' title='bbox 630 447 768 522; x_wconf 89' lang='lat' dir='ltr'>equidem</span> <span class='ocrx_word' id='word_1_12' title='bbox 797 448 931 505; x_wconf 88' lang='lat' dir='ltr'><strong>existimo</strong></span> <span class='ocrx_word' id='word_1_13' title='bbox 959 446 1100 505; x_wconf 84' lang='lat' dir='ltr'>tardiores</span> <span class='ocrx_word' id='word_1_14' title='bbox 1124 444 1165 505; x_wconf 92' lang='lat' dir='ltr'><strong>ad</strong></span> 
     </span>
     <span class='ocr_line' id='line_1_3' title="bbox 106 544 1164 619; baseline -0.001 -17"><span class='ocrx_word' id='word_1_15' title='bbox 106 545 185 602; x_wconf 89' lang='lat' dir='ltr'><strong>hanc</strong></span> <span class='ocrx_word' id='word_1_16' title='bbox 207 545 383 603; x_wconf 81' lang='lat' dir='ltr'><strong>sententiam</strong></span> <span class='ocrx_word' id='word_1_17' title='bbox 406 544 603 619; x_wconf 86' lang='lat' dir='ltr'><strong>profitendam</strong></span> <span class='ocrx_word' id='word_1_18' title='bbox 626 545 821 603; x_wconf 84' lang='lat' dir='ltr'><strong>multos&#39;esse</strong></span> <span class='ocrx_word' id='word_1_19' title='bbox 845 545 948 615; x_wconf 83' lang='lat' dir='ltr'><strong>factos,</strong></span> <span class='ocrx_word' id='word_1_20' title='bbox 963 545 1073 618; x_wconf 91' lang='lat' dir='ltr'><strong>quippe</strong></span> <span class='ocrx_word' id='word_1_21' title='bbox 1095 563 1164 602; x_wconf 92' lang='lat' dir='ltr'><strong>cum</strong></span> 
     </span>
     <span class='ocr_line' id='line_1_4' title="bbox 105 640 1163 717; baseline -0.002 -17"><span class='ocrx_word' id='word_1_22' title='bbox 105 659 238 716; x_wconf 89' lang='lat' dir='ltr'><strong>poenam</strong></span> <span class='ocrx_word' id='word_1_23' title='bbox 252 660 291 699; x_wconf 89' lang='lat' dir='ltr'><strong>ne</strong></span> <span class='ocrx_word' id='word_1_24' title='bbox 306 641 447 700; x_wconf 84' lang='lat' dir='ltr'><strong>dubitatio</strong></span> <span class='ocrx_word' id='word_1_25' title='bbox 463 641 583 717; x_wconf 87' lang='lat' dir='ltr'><strong>quidem</strong></span> <span class='ocrx_word' id='word_1_26' title='bbox 598 643 725 716; x_wconf 85' lang='lat' dir='ltr'><strong>effugere</strong></span> <span class='ocrx_word' id='word_1_27' title='bbox 740 642 891 716; x_wconf 88' lang='lat' dir='ltr'><strong>potuisset.</strong></span> <span class='ocrx_word' id='word_1_28' title='bbox 934 641 1015 715; x_wconf 90' lang='lat' dir='ltr'><strong>Quid</strong></span> <span class='ocrx_word' id='word_1_29' title='bbox 1026 640 1064 699; x_wconf 89' lang='lat' dir='ltr'><strong>de</strong></span> <span class='ocrx_word' id='word_1_30' title='bbox 1076 641 1163 699; x_wconf 89' lang='lat' dir='ltr'><strong>sacri-</strong></span> 
     </span>
     <span class='ocr_line' id='line_1_5' title="bbox 106 736 802 813; baseline 0 -18"><span class='ocrx_word' id='word_1_31' title='bbox 106 738 189 813; x_wconf 91' lang='lat' dir='ltr'><strong>legis,</strong></span> <span class='ocrx_word' id='word_1_32' title='bbox 203 737 278 813; x_wconf 93' lang='lat' dir='ltr'><strong>quid</strong></span> <span class='ocrx_word' id='word_1_33' title='bbox 292 736 331 795; x_wconf 92' lang='lat' dir='ltr'><strong>de</strong></span> <span class='ocrx_word' id='word_1_34' title='bbox 341 738 437 813; x_wconf 90' lang='lat' dir='ltr'><strong>impiis</strong></span> <span class='ocrx_word' id='word_1_35' title='bbox 452 739 631 813; x_wconf 89' lang='lat' dir='ltr'><strong>periurisque</strong></span> <span class='ocrx_word' id='word_1_36' title='bbox 646 736 802 795; x_wconf 85' lang='lat' dir='ltr'><strong>dicemus?</strong></span> 
     </span>
    </p>
   </div>
   <div class='ocr_carea' id='block_1_3' title="bbox 248 884 1082 1058">
    <p class='ocr_par' dir='ltr' id='par_1_3' title="bbox 248 884 1082 1058">
     <span class='ocr_line' id='line_1_6' title="bbox 439 884 1082 960; baseline 0 -18"><span class='ocrx_word' id='word_1_37' title='bbox 439 885 620 943; x_wconf 89' lang='lat' dir='ltr'><strong>Tubulus</strong></span> <span class='ocrx_word' id='word_1_38' title='bbox 646 884 680 942; x_wconf 89' lang='lat' dir='ltr'><strong>si</strong></span> <span class='ocrx_word' id='word_1_39' title='bbox 708 885 856 943; x_wconf 91' lang='lat' dir='ltr'><strong>Lucius</strong></span> <span class='ocrx_word' id='word_1_40' title='bbox 883 903 1082 960; x_wconf 89' lang='lat' dir='ltr'><strong>umquam,</strong></span> 
     </span>
     <span class='ocr_line' id='line_1_7' title="bbox 248 981 1081 1058; baseline -0.001 -18"><span class='ocrx_word' id='word_1_41' title='bbox 248 982 285 1040; x_wconf 89' lang='lat' dir='ltr'><strong>Si</strong></span> <span class='ocrx_word' id='word_1_42' title='bbox 314 983 446 1057; x_wconf 88' lang='lat' dir='ltr'><strong>Lupus</strong></span> <span class='ocrx_word' id='word_1_43' title='bbox 473 991 540 1040; x_wconf 89' lang='lat' dir='ltr'><strong>aut</strong></span> <span class='ocrx_word' id='word_1_44' title='bbox 567 981 711 1053; x_wconf 85' lang='lat' dir='ltr'>Carbo,</span> <span class='ocrx_word' id='word_1_45' title='bbox 741 982 922 1058; x_wconf 89' lang='lat' dir='ltr'><strong>Neptuni</strong></span> <span class='ocrx_word' id='word_1_46' title='bbox 949 981 1081 1054; x_wconf 80' lang='lat' dir='ltr'><strong>filius,</strong></span> 
     </span>
    </p>
   </div>
   <div class='ocr_carea' id='block_1_4' title="bbox 62 1129 1206 3531">
    <p class='ocr_par' dir='ltr' id='par_1_4' title="bbox 105 1129 1200 1399">
     <span class='ocr_line' id='line_1_8' title="bbox 105 1129 1161 1206; baseline -0.001 -18"><span class='ocrx_word' id='word_1_47' title='bbox 105 1140 138 1188; x_wconf 92' lang='lat' dir='ltr'><strong>ut</strong></span> <span class='ocrx_word' id='word_1_48' title='bbox 159 1131 200 1187; x_wconf 89' lang='lat' dir='ltr'><strong>ait</strong></span> <span class='ocrx_word' id='word_1_49' title='bbox 223 1131 360 1202; x_wconf 87' lang='lat' dir='ltr'><strong>Lucilius,</strong></span> <span class='ocrx_word' id='word_1_50' title='bbox 375 1140 505 1206; x_wconf 92' lang='lat' dir='ltr'><strong>putasset</strong></span> <span class='ocrx_word' id='word_1_51' title='bbox 527 1148 591 1188; x_wconf 90' lang='lat' dir='ltr'><strong>esse</strong></span> <span class='ocrx_word' id='word_1_52' title='bbox 615 1129 698 1202; x_wconf 87' lang='lat' dir='ltr'><strong>deos,</strong></span> <span class='ocrx_word' id='word_1_53' title='bbox 722 1140 783 1187; x_wconf 89' lang='lat' dir='ltr'><strong>tam</strong></span> <span class='ocrx_word' id='word_1_54' title='bbox 807 1130 937 1205; x_wconf 89' lang='lat' dir='ltr'><strong>periurus</strong></span> <span class='ocrx_word' id='word_1_55' title='bbox 960 1139 1011 1187; x_wconf 89' lang='lat' dir='ltr'><strong>aut</strong></span> <span class='ocrx_word' id='word_1_56' title='bbox 1034 1139 1094 1188; x_wconf 90' lang='lat' dir='ltr'><strong>tam</strong></span> <span class='ocrx_word' id='word_1_57' title='bbox 1119 1131 1161 1187; x_wconf 93' lang='lat' dir='ltr'><strong>in-</strong></span> 
     </span>
     <span class='ocr_line' id='line_1_9' title="bbox 105 1226 1200 1302; baseline -0.001 -17"><span class='ocrx_word' id='word_1_58' title='bbox 105 1245 195 1302; x_wconf 89' lang='lat' dir='ltr'><strong>purus</strong></span> <span class='ocrx_word' id='word_1_59' title='bbox 216 1228 338 1286; x_wconf 84' lang='lat' dir='ltr'><strong>fuisset?</strong></span> <span class='ocrx_word' id='word_1_60' title='bbox 379 1228 449 1285; x_wconf 89' lang='lat' dir='ltr'><strong>Non</strong></span> <span class='ocrx_word' id='word_1_61' title='bbox 470 1237 514 1284; x_wconf 93' lang='lat' dir='ltr'><strong>est</strong></span> <span class='ocrx_word' id='word_1_62' title='bbox 535 1228 620 1302; x_wconf 91' lang='lat' dir='ltr'><strong>igitur</strong></span> <span class='ocrx_word' id='word_1_63' title='bbox 640 1237 700 1284; x_wconf 91' lang='lat' dir='ltr'><strong>tam</strong></span> <span class='ocrx_word' id='word_1_64' title='bbox 721 1227 871 1302; x_wconf 89' lang='lat' dir='ltr'><strong>explorata</strong></span> <span class='ocrx_word' id='word_1_65' title='bbox 891 1228 945 1284; x_wconf 87' lang='lat' dir='ltr'><strong>ista</strong></span> <span class='ocrx_word' id='word_1_66' title='bbox 965 1227 1038 1284; x_wconf 86' lang='lat' dir='ltr'><strong>ratio</strong></span> <span class='ocrx_word' id='word_1_67' title='bbox 1059 1226 1098 1284; x_wconf 86' lang='lat' dir='ltr'><strong>ad</strong></span> <span class='ocrx_word' id='word_1_68' title='bbox 1121 1226 1160 1298; x_wconf 90' lang='lat' dir='ltr'><strong>id,</strong></span> <span class='ocrx_word' id='word_1_69' title='bbox 1174 1235 1200 1276; x_wconf 74' lang='lat'><strong>⁶⁴</strong></span> 
     </span>
     <span class='ocr_line' id='line_1_10' title="bbox 105 1304 1161 1399; baseline 0 -18"><span class='ocrx_word' id='word_1_70' title='bbox 105 1324 188 1399; x_wconf 93' lang='lat' dir='ltr'><strong>quod</strong></span> <span class='ocrx_word' id='word_1_71' title='bbox 202 1325 297 1396; x_wconf 90' lang='lat' dir='ltr'><strong>vultis,</strong></span> <span class='ocrx_word' id='word_1_72' title='bbox 312 1323 556 1395; x_wconf 89' lang='lat' dir='ltr'><strong>confirmandum,</strong></span> <span class='ocrx_word' id='word_1_73' title='bbox 571 1342 661 1398; x_wconf 87' lang='lat' dir='ltr'><strong>quam</strong></span> <span class='ocrx_word' id='word_1_74' title='bbox 674 1322 798 1382; x_wconf 91' lang='lat' dir='ltr'><strong>videtur.</strong></span> <span class='ocrx_word' id='word_1_75' title='bbox 841 1322 900 1381; x_wconf 84' lang='lat' dir='ltr'><strong>Sed</strong></span> <span class='ocrx_word' id='word_1_76' title='bbox 913 1323 983 1397; x_wconf 89' lang='lat' dir='ltr'><strong>quia</strong></span> <span class='ocrx_word' id='word_1_77' title='bbox 1003 1304 1161 1381; x_wconf 82' lang='lat' dir='ltr'><strong>commune</strong></span> 
     </span>
    </p>

    <p class='ocr_par' dir='ltr' id='par_1_5' title="bbox 65 1420 1162 1592">
     <span class='ocr_line' id='line_1_11' title="bbox 65 1420 1162 1496; baseline 0.003 -21"><span class='ocrx_word' id='word_1_78' title='bbox 65 1448 93 1474; x_wconf 77' lang='grc' dir='ltr'><strong>ιο</strong></span> <span class='ocrx_word' id='word_1_79' title='bbox 106 1420 163 1478; x_wconf 94' lang='lat' dir='ltr'><strong>hoc</strong></span> <span class='ocrx_word' id='word_1_80' title='bbox 179 1431 224 1478; x_wconf 91' lang='lat' dir='ltr'><strong>est</strong></span> <span class='ocrx_word' id='word_1_81' title='bbox 238 1431 442 1496; x_wconf 85' lang='lat' dir='ltr'><strong>argumentum</strong></span> <span class='ocrx_word' id='word_1_82' title='bbox 456 1421 577 1478; x_wconf 87' lang='lat' dir='ltr'><strong>aliorum</strong></span> <span class='ocrx_word' id='word_1_83' title='bbox 588 1421 677 1478; x_wconf 89' lang='lat' dir='ltr'><strong>etiam</strong></span> <span class='ocrx_word' id='word_1_84' title='bbox 690 1420 943 1495; x_wconf 91' lang='lat' dir='ltr'><strong>philosophorum,</strong></span> <span class='ocrx_word' id='word_1_85' title='bbox 955 1420 1088 1477; x_wconf 84' lang='lat' dir='ltr'><strong>omittam</strong></span> <span class='ocrx_word' id='word_1_86' title='bbox 1103 1420 1162 1478; x_wconf 91' lang='lat' dir='ltr'><strong>hoc</strong></span> 
     </span>
     <span class='ocr_line' id='line_1_12' title="bbox 104 1515 775 1592; baseline 0.001 -17"><span class='ocrx_word' id='word_1_87' title='bbox 104 1515 239 1592; x_wconf 79' lang='lat' dir='ltr'><strong>tempore</strong></span> <span class='ocrx_word' id='word_1_88' title='bbox 251 1539 260 1590; x_wconf 79' lang='lat'><em>3</em></span> <span class='ocrx_word' id='word_1_89' title='bbox 281 1517 320 1576; x_wconf 86' lang='lat' dir='ltr'><strong>ad</strong></span> <span class='ocrx_word' id='word_1_90' title='bbox 333 1527 429 1575; x_wconf 89' lang='lat' dir='ltr'><strong>vestra</strong></span> <span class='ocrx_word' id='word_1_91' title='bbox 442 1517 559 1592; x_wconf 89' lang='lat' dir='ltr'><strong>propria</strong></span> <span class='ocrx_word' id='word_1_92' title='bbox 573 1518 671 1575; x_wconf 90' lang='lat' dir='ltr'><strong>venire</strong></span> <span class='ocrx_word' id='word_1_93' title='bbox 687 1518 775 1576; x_wconf 89' lang='lat' dir='ltr'><strong>malo.</strong></span> 
     </span>
    </p>

    <p class='ocr_par' dir='ltr' id='par_1_6' title="bbox 104 1613 1200 1883">
     <span class='ocr_line' id='line_1_13' title="bbox 146 1613 1200 1689; baseline -0.002 -15"><span class='ocrx_word' id='word_1_94' title='bbox 146 1613 293 1685; x_wconf 91' lang='lat' dir='ltr'><strong>Concedo</strong></span> <span class='ocrx_word' id='word_1_95' title='bbox 318 1632 383 1672; x_wconf 88' lang='lat' dir='ltr'><strong>esse</strong></span> <span class='ocrx_word' id='word_1_96' title='bbox 408 1613 481 1672; x_wconf 89' lang='lat' dir='ltr'><strong>deos</strong></span> <span class='ocrx_word' id='word_1_97' title='bbox 492 1635 501 1686; x_wconf 89' lang='lat'>;</span> <span class='ocrx_word' id='word_1_98' title='bbox 529 1613 606 1672; x_wconf 89' lang='lat' dir='ltr'><strong>doce</strong></span> <span class='ocrx_word' id='word_1_99' title='bbox 631 1632 679 1671; x_wconf 92' lang='lat' dir='ltr'><strong>me</strong></span> <span class='ocrx_word' id='word_1_100' title='bbox 702 1614 795 1689; x_wconf 88' lang='lat' dir='ltr'><strong>igitur,</strong></span> <span class='ocrx_word' id='word_1_101' title='bbox 818 1613 898 1671; x_wconf 91' lang='lat' dir='ltr'><strong>unde</strong></span> <span class='ocrx_word' id='word_1_102' title='bbox 927 1614 993 1683; x_wconf 91' lang='lat' dir='ltr'><strong>sint,</strong></span> <span class='ocrx_word' id='word_1_103' title='bbox 1015 1613 1066 1672; x_wconf 91' lang='lat' dir='ltr'><strong>ubi</strong></span> <span class='ocrx_word' id='word_1_104' title='bbox 1094 1616 1159 1686; x_wconf 93' lang='lat' dir='ltr'><strong>sint,</strong></span> <span class='ocrx_word' id='word_1_105' title='bbox 1173 1632 1200 1672; x_wconf 78' lang='lat' dir='ltr'><strong>ou</strong></span> 
     </span>
     <span class='ocr_line' id='line_1_14' title="bbox 104 1709 1160 1786; baseline 0.001 -17"><span class='ocrx_word' id='word_1_106' title='bbox 104 1713 207 1786; x_wconf 89' lang='lat' dir='ltr'><strong>quales</strong></span> <span class='ocrx_word' id='word_1_107' title='bbox 235 1711 293 1770; x_wconf 90' lang='lat' dir='ltr'><strong>sint</strong></span> <span class='ocrx_word' id='word_1_108' title='bbox 319 1729 453 1786; x_wconf 88' lang='lat' dir='ltr'><strong>corpore,</strong></span> <span class='ocrx_word' id='word_1_109' title='bbox 479 1712 587 1782; x_wconf 88' lang='lat' dir='ltr'><strong>animo,</strong></span> <span class='ocrx_word' id='word_1_110' title='bbox 609 1712 685 1782; x_wconf 90' lang='lat' dir='ltr'><strong>vita;</strong></span> <span class='ocrx_word' id='word_1_111' title='bbox 714 1711 788 1768; x_wconf 90' lang='lat' dir='ltr'><strong>haec</strong></span> <span class='ocrx_word' id='word_1_112' title='bbox 815 1711 895 1768; x_wconf 88' lang='lat' dir='ltr'><strong>enim</strong></span> <span class='ocrx_word' id='word_1_113' title='bbox 919 1711 993 1767; x_wconf 89' lang='lat' dir='ltr'><strong>scire</strong></span> <span class='ocrx_word' id='word_1_114' title='bbox 1014 1709 1160 1770; x_wconf 90' lang='lat' dir='ltr'><strong>desidero.</strong></span> 
     </span>
     <span class='ocr_line' id='line_1_15' title="bbox 105 1807 1160 1883; baseline -0.002 -16"><span class='ocrx_word' id='word_1_115' title='bbox 105 1808 243 1867; x_wconf 88' lang='lat' dir='ltr'><strong>Abuteris</strong></span> <span class='ocrx_word' id='word_1_116' title='bbox 257 1807 296 1865; x_wconf 94' lang='lat' dir='ltr'><strong>ad</strong></span> <span class='ocrx_word' id='word_1_117' title='bbox 310 1807 411 1866; x_wconf 90' lang='lat' dir='ltr'><strong>omnia</strong></span> <span class='ocrx_word' id='word_1_118' title='bbox 423 1818 587 1865; x_wconf 88' lang='lat' dir='ltr'><strong>atomorum</strong></span> <span class='ocrx_word' id='word_1_119' title='bbox 601 1826 692 1883; x_wconf 89' lang='lat' dir='ltr'><strong>regno</strong></span> <span class='ocrx_word' id='word_1_120' title='bbox 704 1818 733 1866; x_wconf 95' lang='lat' dir='ltr'><strong>et</strong></span> <span class='ocrx_word' id='word_1_121' title='bbox 747 1809 884 1880; x_wconf 87' lang='lat' dir='ltr'><strong>licentia;</strong></span> <span class='ocrx_word' id='word_1_122' title='bbox 906 1808 984 1877; x_wconf 93' lang='lat' dir='ltr'><strong>hinc,</strong></span> <span class='ocrx_word' id='word_1_123' title='bbox 997 1808 1160 1882; x_wconf 88' lang='lat' dir='ltr'><strong>quodcum-</strong></span> 
     </span>
    </p>

    <p class='ocr_par' dir='ltr' id='par_1_7' title="bbox 62 1905 1206 3531">
     <span class='ocr_line' id='line_1_16' title="bbox 64 1905 1161 1982; baseline -0.002 -18"><span class='ocrx_word' id='word_1_124' title='bbox 64 1936 90 1974; x_wconf 69' lang='grc' dir='ltr'><strong>ις</strong></span> <span class='ocrx_word' id='word_1_125' title='bbox 104 1925 163 1981; x_wconf 91' lang='lat' dir='ltr'><strong>que</strong></span> <span class='ocrx_word' id='word_1_126' title='bbox 178 1908 209 1964; x_wconf 88' lang='lat' dir='ltr'><strong>in</strong></span> <span class='ocrx_word' id='word_1_127' title='bbox 223 1906 319 1964; x_wconf 91' lang='lat' dir='ltr'><strong>solum</strong></span> <span class='ocrx_word' id='word_1_128' title='bbox 331 1905 421 1977; x_wconf 91' lang='lat' dir='ltr'><strong>venit,</strong></span> <span class='ocrx_word' id='word_1_129' title='bbox 436 1915 468 1962; x_wconf 91' lang='lat' dir='ltr'><strong>ut</strong></span> <span class='ocrx_word' id='word_1_130' title='bbox 482 1905 596 1977; x_wconf 89' lang='lat' dir='ltr'><strong>dicitur,</strong></span> <span class='ocrx_word' id='word_1_131' title='bbox 612 1906 725 1982; x_wconf 86' lang='lat' dir='ltr'><strong>effingis</strong></span> <span class='ocrx_word' id='word_1_132' title='bbox 746 1916 834 1981; x_wconf 91' lang='lat' dir='ltr'><strong>atque</strong></span> <span class='ocrx_word' id='word_1_133' title='bbox 855 1905 955 1964; x_wconf 90' lang='lat' dir='ltr'><strong>efficis.</strong></span> <span class='ocrx_word' id='word_1_134' title='bbox 998 1905 1082 1979; x_wconf 88' lang='lat' dir='ltr'><strong>Quae</strong></span> <span class='ocrx_word' id='word_1_135' title='bbox 1103 1908 1161 1980; x_wconf 91' lang='lat' dir='ltr'><strong>pri-</strong></span> 
     </span>
     <span class='ocr_line' id='line_1_17' title="bbox 104 2002 1159 2078; baseline -0.001 -17"><span class='ocrx_word' id='word_1_136' title='bbox 104 2023 187 2061; x_wconf 91' lang='lat' dir='ltr'><strong>mum</strong></span> <span class='ocrx_word' id='word_1_137' title='bbox 201 2003 297 2060; x_wconf 90' lang='lat' dir='ltr'><strong>nullae</strong></span> <span class='ocrx_word' id='word_1_138' title='bbox 311 2011 389 2060; x_wconf 90' lang='lat' dir='ltr'><strong>sunt.</strong></span> <span class='ocrx_word' id='word_1_139' title='bbox 431 2003 512 2060; x_wconf 91' lang='lat' dir='ltr'><strong>Nihil</strong></span> <span class='ocrx_word' id='word_1_140' title='bbox 532 2013 577 2060; x_wconf 88' lang='lat' dir='ltr'><strong>est</strong></span> <span class='ocrx_word' id='word_1_141' title='bbox 597 2004 675 2061; x_wconf 92' lang='lat' dir='ltr'><strong>enim</strong></span> <span class='ocrx_word' id='word_1_142' title='bbox 690 2007 708 2074; x_wconf 84' lang='lat'>†</span> <span class='ocrx_word' id='word_1_143' title='bbox 723 2002 806 2078; x_wconf 91' lang='lat' dir='ltr'><strong>quod</strong></span> <span class='ocrx_word' id='word_1_144' title='bbox 825 2012 911 2061; x_wconf 88' lang='lat' dir='ltr'><strong>vacet</strong></span> <span class='ocrx_word' id='word_1_145' title='bbox 931 2020 1076 2077; x_wconf 88' lang='lat' dir='ltr'><strong>eorpore;</strong></span> <span class='ocrx_word' id='word_1_146' title='bbox 1096 2021 1159 2060; x_wconf 93' lang='lat' dir='ltr'><strong>cor·</strong></span> 
     </span>
     <span class='ocr_line' id='line_1_18' title="bbox 103 2098 1161 2176; baseline -0.001 -18"><span class='ocrx_word' id='word_1_147' title='bbox 103 2100 226 2176; x_wconf 89' lang='lat' dir='ltr'><strong>poribus</strong></span> <span class='ocrx_word' id='word_1_148' title='bbox 246 2109 346 2157; x_wconf 90' lang='lat' dir='ltr'><strong>autem</strong></span> <span class='ocrx_word' id='word_1_149' title='bbox 368 2100 463 2157; x_wconf 88' lang='lat' dir='ltr'><strong>omnis</strong></span> <span class='ocrx_word' id='word_1_150' title='bbox 484 2098 634 2158; x_wconf 91' lang='lat' dir='ltr'><strong>obsidetur</strong></span> <span class='ocrx_word' id='word_1_151' title='bbox 656 2100 739 2158; x_wconf 93' lang='lat' dir='ltr'><strong>locus</strong></span> <span class='ocrx_word' id='word_1_152' title='bbox 750 2121 759 2172; x_wconf 91' lang='lat'>;</span> <span class='ocrx_word' id='word_1_153' title='bbox 781 2101 821 2156; x_wconf 90' lang='lat' dir='ltr'><strong>ita</strong></span> <span class='ocrx_word' id='word_1_154' title='bbox 844 2100 955 2157; x_wconf 91' lang='lat' dir='ltr'><strong>nullum</strong></span> <span class='ocrx_word' id='word_1_155' title='bbox 979 2100 1075 2170; x_wconf 91' lang='lat' dir='ltr'><strong>inane,</strong></span> <span class='ocrx_word' id='word_1_156' title='bbox 1090 2100 1161 2158; x_wconf 92' lang='lat' dir='ltr'><strong>nihil</strong></span> 
     </span>
     <span class='ocr_line' id='line_1_19' title="bbox 104 2176 1206 2282; baseline -0.003 -26"><span class='ocrx_word' id='word_1_157' title='bbox 104 2216 169 2256; x_wconf 88' lang='lat' dir='ltr'><strong>esse</strong></span> <span class='ocrx_word' id='word_1_158' title='bbox 191 2196 375 2255; x_wconf 90' lang='lat' dir='ltr'><strong>individuum</strong></span> <span class='ocrx_word' id='word_1_159' title='bbox 396 2206 502 2272; x_wconf 82' lang='lat' dir='ltr'><strong>potest</strong></span> <span class='ocrx_word' id='word_1_160' title='bbox 546 2198 632 2254; x_wconf 91' lang='lat' dir='ltr'><strong>Haec</strong></span> <span class='ocrx_word' id='word_1_161' title='bbox 653 2215 709 2270; x_wconf 89' lang='lat' dir='ltr'><strong>ego</strong></span> <span class='ocrx_word' id='word_1_162' title='bbox 730 2214 809 2254; x_wconf 89' lang='lat' dir='ltr'><strong>nunc</strong></span> <span class='ocrx_word' id='word_1_163' title='bbox 833 2196 1019 2271; x_wconf 88' lang='lat' dir='ltr'><strong>physicorum</strong></span> <span class='ocrx_word' id='word_1_164' title='bbox 1043 2176 1206 2282; x_wconf 41' lang='lat' dir='ltr'><strong>oracula&amp;</strong></span> 
     </span>
     <span class='ocr_line' id='line_1_20' title="bbox 103 2292 1159 2368; baseline -0.004 -16"><span class='ocrx_word' id='word_1_165' title='bbox 103 2294 207 2368; x_wconf 82' lang='lat' dir='ltr'><strong>fundo,</strong></span> <span class='ocrx_word' id='word_1_166' title='bbox 222 2313 291 2352; x_wconf 89' lang='lat' dir='ltr'><strong>vera</strong></span> <span class='ocrx_word' id='word_1_167' title='bbox 304 2313 343 2352; x_wconf 93' lang='lat' dir='ltr'><strong>an</strong></span> <span class='ocrx_word' id='word_1_168' title='bbox 356 2294 435 2364; x_wconf 80' lang='lat' dir='ltr'><strong>falsa,</strong></span> <span class='ocrx_word' id='word_1_169' title='bbox 450 2294 561 2363; x_wconf 88' lang='lat' dir='ltr'><strong>nesci0‚</strong></span> <span class='ocrx_word' id='word_1_170' title='bbox 576 2292 630 2350; x_wconf 92' lang='lat' dir='ltr'><strong>sed</strong></span> <span class='ocrx_word' id='word_1_171' title='bbox 643 2294 703 2350; x_wconf 89' lang='lat' dir='ltr'><strong>veri</strong></span> <span class='ocrx_word' id='word_1_172' title='bbox 724 2303 823 2351; x_wconf 90' lang='lat' dir='ltr'><strong>tamen</strong></span> <span class='ocrx_word' id='word_1_173' title='bbox 844 2292 980 2350; x_wconf 88' lang='lat' dir='ltr'><strong>similiora</strong></span> <span class='ocrx_word' id='word_1_174' title='bbox 994 2310 1081 2366; x_wconf 92' lang='lat' dir='ltr'><strong>quam</strong></span> <span class='ocrx_word' id='word_1_175' title='bbox 1097 2311 1159 2349; x_wconf 92' lang='lat' dir='ltr'><strong>ves-</strong></span> 
     </span>
     <span class='ocr_line' id='line_1_21' title="bbox 62 2389 1159 2466; baseline -0.001 -18"><span class='ocrx_word' id='word_1_176' title='bbox 62 2421 91 2448; x_wconf 75' lang='lat'><strong>20</strong></span> <span class='ocrx_word' id='word_1_177' title='bbox 104 2402 158 2451; x_wconf 80' lang='lat' dir='ltr'><strong>tra</strong></span> <span class='ocrx_word' id='word_1_178' title='bbox 202 2393 263 2450; x_wconf 89' lang='lat' dir='ltr'><strong>Ista</strong></span> <span class='ocrx_word' id='word_1_179' title='bbox 276 2392 355 2449; x_wconf 91' lang='lat' dir='ltr'><strong>enim</strong></span> <span class='ocrx_word' id='word_1_180' title='bbox 369 2391 476 2466; x_wconf 89' lang='lat' dir='ltr'><strong>flagitia</strong></span> <span class='ocrx_word' id='word_1_181' title='bbox 492 2390 654 2448; x_wconf 88' lang='lat' dir='ltr'><strong>Democriti</strong></span> <span class='ocrx_word' id='word_1_182' title='bbox 668 2390 728 2447; x_wconf 88' lang='lat' dir='ltr'><strong>sive</strong></span> <span class='ocrx_word' id='word_1_183' title='bbox 743 2391 831 2447; x_wconf 91' lang='lat' dir='ltr'><strong>etiam</strong></span> <span class='ocrx_word' id='word_1_184' title='bbox 845 2398 912 2445; x_wconf 86' lang='lat' dir='ltr'><strong>ante</strong></span> <span class='ocrx_word' id='word_1_185' title='bbox 929 2389 1080 2463; x_wconf 79' lang='lat' dir='ltr'><strong>leucippi,</strong></span> <span class='ocrx_word' id='word_1_186' title='bbox 1096 2407 1159 2447; x_wconf 92' lang='lat' dir='ltr'><strong>esse</strong></span> 
     </span>
     <span class='ocr_line' id='line_1_22' title="bbox 105 2484 1160 2564; baseline -0.003 -17"><span class='ocrx_word' id='word_1_187' title='bbox 105 2489 282 2564; x_wconf 87' lang='lat' dir='ltr'><strong>corpuscula</strong></span> <span class='ocrx_word' id='word_1_188' title='bbox 309 2487 456 2564; x_wconf 89' lang='lat' dir='ltr'><strong>quaedam</strong></span> <span class='ocrx_word' id='word_1_189' title='bbox 482 2488 566 2557; x_wconf 86' lang='lat' dir='ltr'><strong>levia,</strong></span> <span class='ocrx_word' id='word_1_190' title='bbox 591 2486 646 2543; x_wconf 91' lang='lat' dir='ltr'><strong>alia</strong></span> <span class='ocrx_word' id='word_1_191' title='bbox 673 2503 784 2560; x_wconf 88' lang='lat' dir='ltr'><strong>aspera,</strong></span> <span class='ocrx_word' id='word_1_192' title='bbox 809 2484 936 2543; x_wconf 88' lang='lat' dir='ltr'><strong>rotunda</strong></span> <span class='ocrx_word' id='word_1_193' title='bbox 962 2486 1026 2556; x_wconf 91' lang='lat' dir='ltr'><strong>alia,</strong></span> <span class='ocrx_word' id='word_1_194' title='bbox 1054 2488 1160 2560; x_wconf 89' lang='lat' dir='ltr'><strong>partim</strong></span> 
     </span>
     <span class='ocr_line' id='line_1_23' title="bbox 105 2580 1159 2660; baseline -0.003 -17"><span class='ocrx_word' id='word_1_195' title='bbox 105 2597 207 2643; x_wconf 87' lang='lat' dir='ltr'><strong>autem</strong></span> <span class='ocrx_word' id='word_1_196' title='bbox 221 2586 366 2660; x_wconf 77' lang='lat' dir='ltr'><strong>angulata</strong></span> <span class='ocrx_word' id='word_1_197' title='bbox 380 2586 498 2643; x_wconf 90' lang='lat' dir='ltr'><strong>hamata</strong></span> <span class='ocrx_word' id='word_1_198' title='bbox 512 2581 661 2658; x_wconf 88' lang='lat' dir='ltr'><strong>quaedam</strong></span> <span class='ocrx_word' id='word_1_199' title='bbox 675 2592 704 2639; x_wconf 92' lang='lat' dir='ltr'><strong>et</strong></span> <span class='ocrx_word' id='word_1_200' title='bbox 718 2583 800 2656; x_wconf 89' lang='lat' dir='ltr'><strong>quasi</strong></span> <span class='ocrx_word' id='word_1_201' title='bbox 823 2580 947 2652; x_wconf 87' lang='lat' dir='ltr'><strong>adunca,</strong></span> <span class='ocrx_word' id='word_1_202' title='bbox 963 2601 1000 2639; x_wconf 88' lang='lat' dir='ltr'><strong>ex</strong></span> <span class='ocrx_word' id='word_1_203' title='bbox 1014 2583 1057 2639; x_wconf 91' lang='lat' dir='ltr'><strong>bis</strong></span> <span class='ocrx_word' id='word_1_204' title='bbox 1072 2583 1159 2640; x_wconf 87' lang='lat' dir='ltr'><strong>eflec-</strong></span> 
     </span>
     <span class='ocr_line' id='line_1_24' title="bbox 104 2679 1159 2756; baseline -0.002 -15"><span class='ocrx_word' id='word_1_205' title='bbox 104 2693 168 2741; x_wconf 90' lang='lat' dir='ltr'><strong>tum</strong></span> <span class='ocrx_word' id='word_1_206' title='bbox 182 2700 247 2740; x_wconf 89' lang='lat' dir='ltr'><strong>esse</strong></span> <span class='ocrx_word' id='word_1_207' title='bbox 268 2683 384 2740; x_wconf 87' lang='lat' dir='ltr'><strong>caelum</strong></span> <span class='ocrx_word' id='word_1_208' title='bbox 404 2693 492 2756; x_wconf 92' lang='lat' dir='ltr'><strong>atque</strong></span> <span class='ocrx_word' id='word_1_209' title='bbox 517 2690 622 2738; x_wconf 90' lang='lat' dir='ltr'><strong>terram</strong></span> <span class='ocrx_word' id='word_1_210' title='bbox 644 2679 722 2736; x_wconf 90' lang='lat' dir='ltr'><strong>nulla</strong></span> <span class='ocrx_word' id='word_1_211' title='bbox 742 2689 867 2752; x_wconf 87' lang='lat' dir='ltr'><strong>cogente</strong></span> <span class='ocrx_word' id='word_1_212' title='bbox 888 2691 999 2749; x_wconf 87' lang='lat' dir='ltr'><strong>natura,</strong></span> <span class='ocrx_word' id='word_1_213' title='bbox 1014 2679 1067 2736; x_wconf 90' lang='lat' dir='ltr'><strong>sed</strong></span> <span class='ocrx_word' id='word_1_214' title='bbox 1088 2699 1159 2739; x_wconf 92' lang='lat' dir='ltr'><strong>con·</strong></span> 
     </span>
     <span class='ocr_line' id='line_1_25' title="bbox 104 2775 1160 2854; baseline -0.002 -17"><span class='ocrx_word' id='word_1_215' title='bbox 104 2798 191 2837; x_wconf 91' lang='lat' dir='ltr'><strong>cursu</strong></span> <span class='ocrx_word' id='word_1_216' title='bbox 205 2779 337 2854; x_wconf 91' lang='lat' dir='ltr'><strong>quodam</strong></span> <span class='ocrx_word' id='word_1_217' title='bbox 350 2780 477 2850; x_wconf 83' lang='lat' dir='ltr'><strong>fortuito,</strong></span> <span class='ocrx_word' id='word_1_218' title='bbox 493 2779 570 2836; x_wconf 89' lang='lat' dir='ltr'><strong>hanc</strong></span> <span class='ocrx_word' id='word_1_219' title='bbox 591 2787 623 2834; x_wconf 93' lang='lat' dir='ltr'><strong>tu</strong></span> <span class='ocrx_word' id='word_1_220' title='bbox 644 2776 824 2850; x_wconf 90' lang='lat' dir='ltr'><strong>opinionem,</strong></span> <span class='ocrx_word' id='word_1_221' title='bbox 840 2775 875 2834; x_wconf 94' lang='lat' dir='ltr'><strong>C.</strong></span> <span class='ocrx_word' id='word_1_222' title='bbox 889 2776 992 2847; x_wconf 91' lang='lat' dir='ltr'><strong>Vellei,</strong></span> <span class='ocrx_word' id='word_1_223' title='bbox 1007 2796 1100 2852; x_wconf 93' lang='lat' dir='ltr'><strong>usque</strong></span> <span class='ocrx_word' id='word_1_224' title='bbox 1121 2779 1160 2836; x_wconf 91' lang='lat' dir='ltr'><strong>ad</strong></span> 
     </span>
     <span class='ocr_line' id='line_1_26' title="bbox 62 2872 1160 2952; baseline -0.001 -19"><span class='ocrx_word' id='word_1_225' title='bbox 62 2905 90 2942; x_wconf 63' lang='grc' dir='ltr'><strong>ος</strong></span> <span class='ocrx_word' id='word_1_226' title='bbox 104 2877 182 2934; x_wconf 89' lang='lat' dir='ltr'><strong>hanc</strong></span> <span class='ocrx_word' id='word_1_227' title='bbox 197 2886 324 2935; x_wconf 90' lang='lat' dir='ltr'><strong>aetatem</strong></span> <span class='ocrx_word' id='word_1_228' title='bbox 344 2875 512 2952; x_wconf 90' lang='lat' dir='ltr'><strong>perduxisti,</strong></span> <span class='ocrx_word' id='word_1_229' title='bbox 528 2875 665 2949; x_wconf 89' lang='lat' dir='ltr'><strong>priusque</strong></span> <span class='ocrx_word' id='word_1_230' title='bbox 687 2882 716 2930; x_wconf 91' lang='lat' dir='ltr'><strong>te</strong></span> <span class='ocrx_word' id='word_1_231' title='bbox 737 2873 802 2948; x_wconf 90' lang='lat' dir='ltr'><strong>quis</strong></span> <span class='ocrx_word' id='word_1_232' title='bbox 824 2872 861 2930; x_wconf 90' lang='lat' dir='ltr'><strong>de</strong></span> <span class='ocrx_word' id='word_1_233' title='bbox 884 2874 965 2930; x_wconf 91' lang='lat' dir='ltr'><strong>omni</strong></span> <span class='ocrx_word' id='word_1_234' title='bbox 985 2875 1060 2932; x_wconf 91' lang='lat' dir='ltr'><strong>vitae</strong></span> <span class='ocrx_word' id='word_1_235' title='bbox 1085 2886 1160 2933; x_wconf 88' lang='lat' dir='ltr'><strong>statu</strong></span> 
     </span>
     <span class='ocr_line' id='line_1_27' title="bbox 104 2970 1159 3050; baseline -0.003 -19"><span class='ocrx_word' id='word_1_236' title='bbox 104 2992 195 3050; x_wconf 89' lang='lat' dir='ltr'><strong>quam</strong></span> <span class='ocrx_word' id='word_1_237' title='bbox 210 2973 250 3032; x_wconf 91' lang='lat' dir='ltr'><strong>de</strong></span> <span class='ocrx_word' id='word_1_238' title='bbox 264 2974 319 3030; x_wconf 88' lang='lat' dir='ltr'><strong>ista</strong></span> <span class='ocrx_word' id='word_1_239' title='bbox 338 2972 509 3031; x_wconf 87' lang='lat' dir='ltr'><strong>auctoritate</strong></span> <span class='ocrx_word' id='word_1_240' title='bbox 524 2970 664 3030; x_wconf 87' lang='lat' dir='ltr'><strong>deiecerit</strong></span> <span class='ocrx_word' id='word_1_241' title='bbox 674 2991 683 3042; x_wconf 91' lang='lat'>;</span> <span class='ocrx_word' id='word_1_242' title='bbox 705 2981 773 3028; x_wconf 88' lang='lat' dir='ltr'><strong>ante</strong></span> <span class='ocrx_word' id='word_1_243' title='bbox 794 2971 873 3027; x_wconf 90' lang='lat' dir='ltr'><strong>enim</strong></span> <span class='ocrx_word' id='word_1_244' title='bbox 894 2970 1028 3029; x_wconf 87' lang='lat' dir='ltr'><strong>iudicasti</strong></span> <span class='ocrx_word' id='word_1_245' title='bbox 1051 2973 1159 3046; x_wconf 91' lang='lat' dir='ltr'><strong>Epicu·</strong></span> 
     </span>
     <span class='ocr_line' id='line_1_28' title="bbox 104 3069 1161 3146; baseline -0.002 -17"><span class='ocrx_word' id='word_1_246' title='bbox 104 3091 188 3130; x_wconf 89' lang='lat' dir='ltr'><strong>reum</strong></span> <span class='ocrx_word' id='word_1_247' title='bbox 202 3080 232 3128; x_wconf 94' lang='lat' dir='ltr'><strong>te</strong></span> <span class='ocrx_word' id='word_1_248' title='bbox 247 3089 312 3129; x_wconf 88' lang='lat' dir='ltr'><strong>esse</strong></span> <span class='ocrx_word' id='word_1_249' title='bbox 333 3080 478 3146; x_wconf 92' lang='lat' dir='ltr'><strong>oportere,</strong></span> <span class='ocrx_word' id='word_1_250' title='bbox 493 3088 581 3144; x_wconf 90' lang='lat' dir='ltr'><strong>quam</strong></span> <span class='ocrx_word' id='word_1_251' title='bbox 602 3070 657 3126; x_wconf 90' lang='lat' dir='ltr'><strong>ista</strong></span> <span class='ocrx_word' id='word_1_252' title='bbox 679 3069 850 3144; x_wconf 89' lang='lat' dir='ltr'><strong>cognovisti.</strong></span> <span class='ocrx_word' id='word_1_253' title='bbox 893 3071 938 3126; x_wconf 89' lang='lat' dir='ltr'><strong>Ita</strong></span> <span class='ocrx_word' id='word_1_254' title='bbox 961 3087 1083 3127; x_wconf 88' lang='lat' dir='ltr'><strong>necesse</strong></span> <span class='ocrx_word' id='word_1_255' title='bbox 1108 3071 1161 3127; x_wconf 82' lang='lat' dir='ltr'><strong>fuit</strong></span> 
     </span>
     <span class='ocr_line' id='line_1_29' title="bbox 104 3166 1160 3242; baseline -0.003 -16"><span class='ocrx_word' id='word_1_256' title='bbox 104 3179 155 3226; x_wconf 91' lang='lat' dir='ltr'><strong>aut</strong></span> <span class='ocrx_word' id='word_1_257' title='bbox 176 3168 252 3226; x_wconf 91' lang='lat' dir='ltr'><strong>haec</strong></span> <span class='ocrx_word' id='word_1_258' title='bbox 272 3167 378 3242; x_wconf 89' lang='lat' dir='ltr'><strong>flagitia</strong></span> <span class='ocrx_word' id='word_1_259' title='bbox 402 3167 560 3241; x_wconf 90' lang='lat' dir='ltr'><strong>concipere</strong></span> <span class='ocrx_word' id='word_1_260' title='bbox 584 3166 683 3224; x_wconf 90' lang='lat' dir='ltr'><strong>animo</strong></span> <span class='ocrx_word' id='word_1_261' title='bbox 706 3176 756 3223; x_wconf 87' lang='lat' dir='ltr'><strong>aut</strong></span> <span class='ocrx_word' id='word_1_262' title='bbox 780 3175 932 3239; x_wconf 90' lang='lat' dir='ltr'><strong>susceptae</strong></span> <span class='ocrx_word' id='word_1_263' title='bbox 957 3166 1160 3240; x_wconf 90' lang='lat' dir='ltr'><strong>philosophiae</strong></span> 
     </span>
     <span class='ocr_line' id='line_1_30' title="bbox 103 3261 1198 3336; baseline -0.007 -13"><span class='ocrx_word' id='word_1_264' title='bbox 103 3283 217 3324; x_wconf 89' lang='lat' dir='ltr'><strong>nomen</strong></span> <span class='ocrx_word' id='word_1_265' title='bbox 227 3264 368 3322; x_wconf 89' lang='lat' dir='ltr'><strong>amittere.</strong></span> <span class='ocrx_word' id='word_1_266' title='bbox 411 3263 492 3336; x_wconf 92' lang='lat' dir='ltr'><strong>Quid</strong></span> <span class='ocrx_word' id='word_1_267' title='bbox 506 3264 584 3321; x_wconf 90' lang='lat' dir='ltr'><strong>enim</strong></span> <span class='ocrx_word' id='word_1_268' title='bbox 598 3280 719 3334; x_wconf 71' lang='lat' dir='ltr'><strong>tumeas,</strong></span> <span class='ocrx_word' id='word_1_269' title='bbox 731 3273 763 3320; x_wconf 94' lang='lat' dir='ltr'><strong>ut</strong></span> <span class='ocrx_word' id='word_1_270' title='bbox 775 3263 937 3336; x_wconf 87' lang='lat' dir='ltr'><strong>Epicureus</strong></span> <span class='ocrx_word' id='word_1_271' title='bbox 948 3281 1012 3320; x_wconf 90' lang='lat' dir='ltr'><strong>esse</strong></span> <span class='ocrx_word' id='word_1_272' title='bbox 1023 3261 1161 3320; x_wconf 84' lang='lat' dir='ltr'><strong>desinas?</strong></span> <span class='ocrx_word' id='word_1_273' title='bbox 1173 3273 1198 3315; x_wconf 82' lang='lat' dir='ltr'><strong>st</strong></span> 
     </span>
     <span class='ocr_line' id='line_1_31' title="bbox 63 3359 1160 3434; baseline -0.005 -14"><span class='ocrx_word' id='word_1_274' title='bbox 63 3388 91 3426; x_wconf 76' lang='lat'><strong>³0</strong></span> <span class='ocrx_word' id='word_1_275' title='bbox 105 3362 187 3420; x_wconf 92' lang='lat' dir='ltr'><strong>Nihil</strong></span> <span class='ocrx_word' id='word_1_276' title='bbox 208 3359 357 3434; x_wconf 89' lang='lat' dir='ltr'><strong>equidem,</strong></span> <span class='ocrx_word' id='word_1_277' title='bbox 378 3360 483 3434; x_wconf 91' lang='lat' dir='ltr'><strong>inquis,</strong></span> <span class='ocrx_word' id='word_1_278' title='bbox 506 3371 537 3419; x_wconf 89' lang='lat' dir='ltr'><strong>ut</strong></span> <span class='ocrx_word' id='word_1_279' title='bbox 560 3360 703 3417; x_wconf 88' lang='lat' dir='ltr'><strong>rationem</strong></span> <span class='ocrx_word' id='word_1_280' title='bbox 728 3361 802 3416; x_wconf 86' lang='lat' dir='ltr'><strong>vitae</strong></span> <span class='ocrx_word' id='word_1_281' title='bbox 827 3359 930 3416; x_wconf 88' lang='lat' dir='ltr'><strong>beatae</strong></span> <span class='ocrx_word' id='word_1_282' title='bbox 950 3360 1160 3432; x_wconf 88' lang='lat' dir='ltr'><strong>veritatemque</strong></span> 
     </span>
     <span class='ocr_line' id='line_1_32' title="bbox 104 3454 1159 3531; baseline -0.007 -14"><span class='ocrx_word' id='word_1_283' title='bbox 104 3458 251 3517; x_wconf 88' lang='lat' dir='ltr'><strong>deseram.</strong></span> <span class='ocrx_word' id='word_1_284' title='bbox 294 3457 354 3513; x_wconf 89' lang='lat' dir='ltr'><strong>Ista</strong></span> <span class='ocrx_word' id='word_1_285' title='bbox 374 3457 460 3531; x_wconf 89' lang='lat' dir='ltr'><strong>igitur</strong></span> <span class='ocrx_word' id='word_1_286' title='bbox 472 3467 516 3514; x_wconf 87' lang='lat' dir='ltr'><strong>est</strong></span> <span class='ocrx_word' id='word_1_287' title='bbox 530 3456 654 3514; x_wconf 85' lang='lat' dir='ltr'><strong>veritas?</strong></span> <span class='ocrx_word' id='word_1_288' title='bbox 695 3456 772 3513; x_wconf 89' lang='lat' dir='ltr'><strong>Nam</strong></span> <span class='ocrx_word' id='word_1_289' title='bbox 788 3454 825 3511; x_wconf 90' lang='lat' dir='ltr'><strong>de</strong></span> <span class='ocrx_word' id='word_1_290' title='bbox 839 3455 899 3511; x_wconf 85' lang='lat' dir='ltr'><strong>vita</strong></span> <span class='ocrx_word' id='word_1_291' title='bbox 919 3455 1005 3512; x_wconf 88' lang='lat' dir='ltr'><strong>beata</strong></span> <span class='ocrx_word' id='word_1_292' title='bbox 1026 3454 1096 3511; x_wconf 91' lang='lat' dir='ltr'><strong>nihil</strong></span> <span class='ocrx_word' id='word_1_293' title='bbox 1115 3473 1159 3511; x_wconf 89' lang='lat' dir='ltr'><strong>re-</strong></span> 
     </span>
    </p>
   </div>
   <div class='ocr_carea' id='block_1_5' title="bbox 83 3550 1160 3818">
    <p class='ocr_par' dir='ltr' id='par_1_8' title="bbox 83 3550 1160 3818">
     <span class='ocr_line' id='line_1_33' title="bbox 104 3550 1160 3631; baseline -0.004 -20"><span class='ocrx_word' id='word_1_294' title='bbox 104 3573 217 3631; x_wconf 90' lang='lat' dir='ltr'><strong>pugn0,</strong></span> <span class='ocrx_word' id='word_1_295' title='bbox 233 3571 322 3627; x_wconf 92' lang='lat' dir='ltr'><strong>quam</strong></span> <span class='ocrx_word' id='word_1_296' title='bbox 336 3563 367 3610; x_wconf 88' lang='lat' dir='ltr'><strong>tu</strong></span> <span class='ocrx_word' id='word_1_297' title='bbox 386 3571 423 3610; x_wconf 92' lang='lat' dir='ltr'><strong>ne</strong></span> <span class='ocrx_word' id='word_1_298' title='bbox 445 3553 475 3609; x_wconf 91' lang='lat' dir='ltr'><strong>in</strong></span> <span class='ocrx_word' id='word_1_299' title='bbox 489 3551 547 3610; x_wconf 94' lang='lat' dir='ltr'><strong>deo</strong></span> <span class='ocrx_word' id='word_1_300' title='bbox 562 3550 682 3627; x_wconf 89' lang='lat' dir='ltr'><strong>quidem</strong></span> <span class='ocrx_word' id='word_1_301' title='bbox 704 3569 767 3609; x_wconf 88' lang='lat' dir='ltr'><strong>esse</strong></span> <span class='ocrx_word' id='word_1_302' title='bbox 789 3567 900 3620; x_wconf 71' lang='lat' dir='ltr'><strong>censes</strong></span> <span class='ocrx_word' id='word_1_303' title='bbox 915 3551 970 3607; x_wconf 90' lang='lat' dir='ltr'><strong>nisi</strong></span> <span class='ocrx_word' id='word_1_304' title='bbox 991 3551 1077 3624; x_wconf 89' lang='lat' dir='ltr'><strong>plane</strong></span> <span class='ocrx_word' id='word_1_305' title='bbox 1099 3551 1160 3608; x_wconf 91' lang='lat' dir='ltr'><strong>otio</strong></span> 
     </span>
     <span class='ocr_line' id='line_1_34' title="bbox 83 3644 1159 3726; baseline -0.008 -15"><span class='ocrx_word' id='word_1_306' title='bbox 83 3653 252 3726; x_wconf 72' lang='lat' dir='ltr'><strong>‚langueat</strong></span> <span class='ocrx_word' id='word_1_307' title='bbox 295 3649 353 3708; x_wconf 90' lang='lat' dir='ltr'><strong>Sed</strong></span> <span class='ocrx_word' id='word_1_308' title='bbox 373 3649 424 3708; x_wconf 94' lang='lat' dir='ltr'><strong>ubi</strong></span> <span class='ocrx_word' id='word_1_309' title='bbox 444 3659 488 3706; x_wconf 88' lang='lat' dir='ltr'><strong>est</strong></span> <span class='ocrx_word' id='word_1_310' title='bbox 508 3650 633 3706; x_wconf 83' lang='lat' dir='ltr'><strong>veritas?</strong></span> <span class='ocrx_word' id='word_1_311' title='bbox 675 3650 710 3705; x_wconf 91' lang='lat' dir='ltr'><strong>ln</strong></span> <span class='ocrx_word' id='word_1_312' title='bbox 735 3644 860 3715; x_wconf 89' lang='lat' dir='ltr'><strong>mundis,</strong></span> <span class='ocrx_word' id='word_1_313' title='bbox 877 3647 975 3717; x_wconf 91' lang='lat' dir='ltr'><strong>credo,</strong></span> <span class='ocrx_word' id='word_1_314' title='bbox 995 3648 1159 3703; x_wconf 90' lang='lat' dir='ltr'><strong>innumera-</strong></span> 
     </span>
     <span class='ocr_line' id='line_1_35' title="bbox 105 3741 1158 3818; baseline -0.009 -10"><span class='ocrx_word' id='word_1_315' title='bbox 105 3748 213 3809; x_wconf 92' lang='lat' dir='ltr'><strong>bilibus</strong></span> <span class='ocrx_word' id='word_1_316' title='bbox 238 3745 373 3806; x_wconf 90' lang='lat' dir='ltr'><strong>omnibus</strong></span> <span class='ocrx_word' id='word_1_317' title='bbox 398 3745 525 3803; x_wconf 89' lang='lat' dir='ltr'><strong>minimis</strong></span> <span class='ocrx_word' id='word_1_318' title='bbox 548 3755 714 3818; x_wconf 90' lang='lat' dir='ltr'><strong>temporum</strong></span> <span class='ocrx_word' id='word_1_319' title='bbox 739 3741 855 3815; x_wconf 91' lang='lat' dir='ltr'><strong>punctis</strong></span> <span class='ocrx_word' id='word_1_320' title='bbox 879 3743 940 3800; x_wconf 89' lang='lat' dir='ltr'><strong>aliis</strong></span> <span class='ocrx_word' id='word_1_321' title='bbox 963 3741 1158 3812; x_wconf 88' lang='lat' dir='ltr'><strong>nascentibus,</strong></span> 
     </span>
    </p>
   </div>
   <div class='ocr_carea' id='block_1_6' title="bbox 0 0 1256 4170">
    <p class='ocr_par' dir='ltr' id='par_1_9' title="bbox 0 0 1256 4170">
     <span class='ocr_line' id='line_1_36' title="bbox 0 0 1256 4170; baseline 0 0"><span class='ocrx_word' id='word_1_322' title='bbox 0 0 1256 4170; x_wconf 95' lang='lat' dir='ltr'><strong> </strong></span> 
     </span>
    </p>
   </div>
  </div>
 </body>
</html>
